1952 2708
336 162 394 210 98
605 154 654 194 C.
721 150 1124 194 CORNELII
1187 149 1479 194 TACITI

337 250 432 277 »tus
457 239 496 276 &
521 246 648 276 terror
666 235 720 275 est
732 263 745 285 ,
767 233 922 275 infirma
946 232 1110 275 vincula
1131 234 1328 275 caritatis:
1356 249 1438 289 quae
1459 232 1529 275 ubi
1548 248 1727 276 remove-

338 318 360 338 >)
372 302 449 348 ris,
477 298 545 353 qui
577 299 717 338 timere
744 297 928 338 desierint
945 327 957 348 ,
988 297 1111 338 odiffe
1142 298 1351 353 incipient.
1381 298 1531 338 Omnia
1554 299 1728 339 vicioriae

336 362 631 402 »incitamenta
656 376 729 417 pro
756 360 870 401 nobis
895 361 1009 400 sunt:
1037 358 1155 400 nullae
1175 361 1384 401 Romanos
1410 359 1605 415 conjuges
1628 367 1638 383 ¹
1666 377 1728 403 ac-

337 442 360 464 »
372 425 565 466 cendunt:
587 423 690 465 nulli
708 437 890 480 parentes
909 423 1048 478 fugam
1069 426 1083 444 ²
1107 422 1384 480 exprobraturi
1404 423 1508 464 sunt:
1532 436 1598 464 aut
1619 423 1729 465 nulla

338 487 569 544 »plerisque
600 489 725 544 patria
754 491 795 538 ³,
821 500 888 529 aut
918 485 996 528 alia
1024 487 1097 527 est:
1124 501 1275 542 paucos
1303 500 1472 540 numero
1500 491 1547 536 4,
1575 487 1729 527 circum
1783 491 1807 532 5

338 551 549 607 »trepidos
578 555 590 582 5
622 548 876 606 ignorantia,
905 549 1045 591 caelum
1079 550 1237 606 ipsum,
1267 565 1314 591 ac
1350 564 1488 600 mare,
1523 552 1562 590 ὃ(
1586 548 1729 602 filvas,

338 616 511 669 »ignota
545 616 680 655 omnia
718 613 1099 670 circumspe&antes
1119 641 1133 664 ,
1166 612 1321 654 clausos
1348 612 1649 667 quodammodo
1682 628 1730 655 ac

339 679 525 719 »vindos
547 678 601 719 dii
625 677 740 719 nobis
766 677 1028 719 tradiderunt.
1048 678 1116 718 Ne
1142 689 1288 718 terreat
1309 691 1433 718 vanus
1457 676 1632 733 aspectus
1647 705 1660 726 ,
1689 679 1731 717 &

334 742 455 781 »auri
479 740 615 796 fulgor
635 754 753 795 atque
779 742 964 796 argenti,
995 740 1103 796 quod
1126 755 1255 794 neque
1276 742 1377 795 tegit
1392 769 1406 791 ,
1432 754 1562 794 neque
1586 738 1730 780 vulne-

338 820 360 841 ³)
371 817 430 845 rat
449 803 476 845 ⁶.
494 805 543 844 In
562 803 645 861 ipsa
668 805 839 845 hostium
860 805 946 846 acie
967 805 1218 846 inveniemus
1241 805 1387 844 nostras
1408 817 1570 844 manus:
1593 801 1733 858 agnos·
1758 815 1773 842 1
1787 813 1816 843 0

338 881 466 908 »cent
484 868 666 909 Britanni
686 868 795 909 suam
816 868 997 910 causam:
1017 866 1334 910 recordabuntur
1353 866 1465 907 Galli
1487 867 1661 923 priorem
1680 865 1730 906 li-

337 930 564 972 »bertatem
591 948 600 972 :
627 931 811 973 deserent
846 929 939 974 illos
965 934 1088 974 ceteri
1114 931 1307 972 Germani
1325 959 1339 981 ,
1375 943 1579 984 tamquam
1603 943 1730 986 nuper

337 994 494 1050 »Ufipii
514 993 760 1049 reliquerunt
786 1000 816 1036 ⁷.
841 996 934 1036 Nec
957 995 1172 1050 quidquam
1198 992 1303 1034 ultra
1323 993 1572 1035 formidinis:
1600 1007 1730 1034 vacua

336 1071 360 1093 »
373 1056 552 1108 castella,
570 1058 708 1099 senum
732 1057 902 1101 coloniae
923 1055 938 1079 ⁸
953 1088 966 1108 ‚
987 1060 1092 1099 inter
1112 1056 1216 1098 male
1235 1071 1418 1113 parentes
1438 1061 1479 1097 ὅ(
1498 1054 1639 1108 injuste
1659 1057 1731 1095 im-

337 1132 554 1175 »perantes
567 1149 580 1170 ,
615 1135 716 1178 aegra
752 1122 972 1177 municipia
1007 1125 1049 1162 &
1084 1120 1352 1161 discordantia
1371 1137 1381 1162 ;
1417 1121 1485 1161 hic
1522 1119 1628 1170 dux,
1659 1120 1730 1161 hic

337 1184 585 1224 »exercitusz
607 1183 663 1224 ibi
681 1182 829 1225 tributa
846 1187 886 1224 ὃς
906 1183 1069 1225 metalla
1088 1188 1127 1234 9,
1149 1187 1189 1224 ὃς
1210 1196 1350 1224 ceterae
1369 1183 1628 1224 servientium
1647 1197 1730 1238 poe-

337 1260 458 1296 »nae‚
486 1261 581 1300 quas
604 1248 647 1287 in
670 1261 861 1287 aeternum
891 1247 1098 1303 proferre,
1127 1259 1195 1287 aut
1220 1246 1349 1287 statim
1378 1245 1548 1296 ulcisci,
1576 1247 1618 1285 in
1646 1247 1730 1286 hoc

336 1323 517 1365 »campo
550 1310 616 1351 est.
642 1310 816 1351 Proinde
839 1311 933 1351 ituri
956 1312 998 1351 in
1030 1311 1185 1361 aciem,
1212 1313 1253 1351 &
1285 1308 1454 1362 majores
1479 1309 1626 1350 vestros
1641 1337 1655 1360 ‚
1686 1311 1728 1348 ὅ(

339 1386 361 1408 >2
372 1373 548 1428 posteros
577 1374 755 1429 cogitate
780 1390 822 1413 2).

400 1434 635 1477 XXXIII.
670 1436 934 1478 EXCEPERE
959 1438 1182 1479 orationem
1203 1434 1380 1486 alacres,
1408 1440 1450 1476 &
1467 1433 1623 1476 barbari
1646 1448 1730 1475 mo-
1753 1441 1813 1472 20

339 1497 390 1539 ris
411 1511 560 1551 cantu,
590 1503 631 1540 ὅς
652 1498 843 1553 fremitu,
873 1499 1195 1554 clamoribusque
1218 1499 1393 1540 dissonis.
1419 1500 1587 1553 Jamque
1607 1499 1729 1554 agmi-

1286 1564 1298 1583 ἱ

1761 1121 1808 1164 ¹5

379 1652 389 1667 ¹
413 1648 531 1680 Νυιυε
544 1649 700 1681 ΒοΜΑκοε
720 1651 896 1688 comuc-Es]
921 1650 1015 1682 'Caeli-

337 1686 392 1717 bes
412 1688 509 1727 vulgo
532 1697 620 1720 erant
636 1690 752 1721 milites
773 1690 918 1721 Romani.
933 1691 1014 1721 Vide

338 1727 440 1757 Notas
479 1729 513 1759 &
540 1729 785 1760 Emendationes
829 1730 867 1760 ad
900 1731 1013 1760 Annal.

337 1766 432 1803 XIV,
466 1777 513 1800 27.
537 1769 683 1799 Praeterea
701 1769 734 1799 in
751 1769 850 1800 castris
861 1770 1013 1800 Romanis

338 1805 444 1835 nullus
461 1805 587 1837 feminis
602 1808 699 1838 locus.

376 1848 386 1860 ²
410 1845 513 1875 Nun-1
536 1857 691 1877 PARENTES
713 1858 821 1879 FUGAM
841 1849 855 1886 ]
893 1848 1014 1878 Contra

336 1885 415 1927 vero
440 1907 449 1921 ‚
476 1892 510 1915 ut
534 1886 616 1924 apud
637 1887 811 1918 Germanos
835 1910 844 1923 ‚
872 1886 912 1917 fic
931 1888 1013 1926 apud

337 1922 503 1954 Britannos
515 1946 524 1960 ,
546 1933 676 1961 matres,
699 1927 848 1966 conjuges
860 1925 1014 1957 hortami-

338 1970 377 1991 na
397 1964 606 2002 pugnantibus
628 1965 806 2004 gestabant,
830 1966 864 1996 ὃς
881 1965 1013 1997 inclina-

338 2007 384 2043 tas
396 2002 594 2043 labentesque
610 2004 690 2035 acies
704 2015 944 2047 nonnumquam
957 2006 1013 2036 res-

337 2042 504 2073 tituebant.
528 2043 609 2074 Vide
625 2043 712 2082 supra
728 2045 766 2076 de
783 2045 924 2076 Moribus
937 2045 1012 2076 Ger-

336 2087 502 2111 manorum
522 2093 588 2121 cap.
607 2093 626 2122 7
642 2084 676 2114 &
696 2086 724 2114 8.

378 2123 388 2143 ³
424 2120 533 2150 NuuA
565 2133 733 2158 unisona
762 2125 909 2161 ΡΑΤΜΑ]
949 2125 1012 2155 Aut

336 2156 423 2200 nulla
438 2160 587 2202 plerisque
598 2162 695 2199 patria
708 2162 762 2197 est,
771 2171 822 2193 aut
832 2163 908 2199 alia,
919 2165 1012 2201 quam

336 2196 507 2243 Britannia.
528 2201 623 2230 Nulla
647 2201 798 2241 plerisque
812 2202 906 2240 patria
926 2211 1011 2240 erat,

336 2236 425 2273 quod
437 2246 491 2280 ,.ut
507 2242 586 2270 refie
602 2240 737 2278 explicat
752 2241 858 2271 Illustr.
870 2241 1010 2277 Huetius,

336 2273 480 2318 obscuri,
493 2278 588 2321 vulgo
607 2280 752 2318 concepti
773 2291 811 2310 ex
830 2280 936 2311 scortis
950 2281 1011 2311 rni-

337 2312 478 2357 lrtarrbus
501 2339 511 2353 ,
535 2326 568 2346 in
592 2319 870 2357 expeditionibus,
895 2320 929 2351 in
951 2320 1011 2351 viis

336 2360 413 2382 nati.

376 2395 392 2415 ⁴
421 2393 543 2426 Paucos
566 2406 700 2429 nummo
721 2400 734 2434 ]
769 2397 887 2431 Frustra
913 2398 1010 2438 vulgo

1055 1649 1237 1682 emendatur
1252 1658 1355 1686 paucos
1365 1656 1500 1678 numeros.
1518 1648 1610 1678 Rene
1625 1645 1729 1679 &ele-

1053 1698 1162 1730 ganter
1181 1689 1319 1725 dictum,
1343 1697 1446 1725 paucos
1462 1697 1582 1716 numero.
1613 1724 1620 1730 .
1682 1723 1689 1730 ·

1095 1735 1104 1756 5
1136 1730 1267 1760 Curcum
1300 1738 1452 1758 TREPiDos
1472 1728 1486 1764 ]
1527 1724 1728 1756 Crediderim

1054 1768 1154 1797 circum
1179 1768 1370 1805 redundare3
1394 1768 1429 1798 &
1450 1764 1582 1804 petitum
1605 1764 1663 1794 effe
1689 1774 1728 1794 ex

1053 1808 1195 1848 sequenti
1205 1806 1288 1838 linea
1300 1806 1559 1844 circumfivec'lanres.
1570 1803 1651 1834 Vide
1659 1804 1729 1834 No-

1052 1856 1096 1879 tas
1110 1848 1144 1878 &
1156 1846 1400 1878 Emendationes
1415 1844 1454 1875 ad
1467 1854 1534 1883 cap.
1548 1854 1655 1874 xxxu.

1089 1887 1104 1906 ⁶
1125 1888 1238 1922 NEQUE
1264 1896 1356 1916 Trou·
1374 1908 1383 1922 ,
1402 1895 1503 1919 NEQUE
1524 1892 1696 1915 vuLuERAT
1711 1886 1727 1918 ]
1772 1888 1775 1891 “

1051 1927 1135 1956 Bene
1147 1949 1156 1961 ‚
1171 1926 1205 1956 ὅ(
1229 1926 1361 1956 barbaro
1385 1924 1523 1963 dignum.
1551 1921 1700 1953 Ornatihs
1714 1944 1727 1958 ‚

1051 1966 1103 1996 sed
1122 1975 1188 1996 non
1207 1964 1336 2001 melitis,
1365 1963 1492 2000 Livius,
1512 1962 1557 1999 X,
1581 1971 1628 1999 39.
1657 1961 1726 1990 Non

1052 2004 1147 2044 cristas
1162 2004 1274 2034 vulnera
1290 2003 1408 2041 facere,
1439 2002 1469 2031 ἔν
1488 2012 1536 2039 per
1556 2001 1627 2038 pic'ia
1645 2008 1727 2038 atque

1051 2054 1152 2073 aurata
1162 2044 1243 2083 scura
1262 2042 1376 2082 transire
1395 2042 1546 2071 Romanum
1567 2039 1670 2076 pilum,
1693 2037 1726 2066 Cr·

1052 2083 1170 2112 candore
1192 2082 1346 2112 tunicarum
1361 2080 1516 2122 fulgentem
1543 2079 1629 2109 aciem
1644 2101 1655 2115 ‚
1679 2076 1726 2107 ubi

1052 2133 1096 2153 res
1100 2123 1177 2161 ferro
1187 2132 1303 2163 geratur
1312 2145 1320 2158 ,
1334 2121 1484 2151 cruentari.
1580 2156 1586 2161 Π

1091 2169 1105 2189 7
1124 2165 1223 2194 Usum
1247 2159 1490 2197 κειιρυειιυυτ]
1507 2160 1548 2189 Ut
1557 2157 1671 2188 dietum
1684 2155 1726 2190 est

1052 2202 1139 2241 supra
1150 2213 1215 2241 cap.
1227 2205 1278 2233 28.
1584 2236 1592 2242 ⁶

1091 2241 1103 2261 ⁸
1125 2244 1232 2272 Sanum
1256 2243 1424 2273 comum]
1447 2241 1628 2271 veteram,
1645 2244 1726 2275 quos

1052 2281 1269 2318 irridensssnes
1284 2278 1437 2318 appellat,
1455 2278 1590 2309 maxime
1604 2274 1725 2306 consta-

1050 2321 1126 2349 bant
1146 2318 1290 2349 coloniae.
1624 2354 1630 2359 Α
1699 2351 1707 2359 .

1090 2364 1103 2382 9
1134 2359 1176 2389 Ετ
1201 2361 1380 2392 ΜετΑιιΑ]
1413 2355 1536 2393 Quibus
1563 2353 1724 2386 f0d1endis

1050 2397 1137 2430 viiiae
1150 2407 1168 2430 a
1182 2397 1332 2430 Romanis
1353 2404 1459 2436 gentes
1469 2395 1666 2428 insudabant.
