1952 2708
491 154 1200 202 CHRONOLOGICA.‘
1448 178 1538 216 439

152 232 318 282 Lyciam,
338 230 510 268 Rhodum
531 256 540 273 ‚
570 229 807 278 Byzantium,
841 232 1006 275 Samum,
1030 234 1232 272 Tracheam
1262 237 1430 275 Ciliciam
1453 266 1462 283 ‚
1507 244 1543 277 &

155 283 438 330 Commagenem
452 279 490 314 in
506 279 780 327 provinciarum
804 279 957 316 formam
979 281 1117 331 redegit
1131 285 1154 320 ¹.
1170 286 1379 324 Succensuit
1395 290 1541 339 quidem

152 325 394 380 Apollonius3
410 332 443 365 ὅς
454 329 580 373 acrius,
594 330 701 379 quam
713 329 977 379 philosophum
991 331 1142 368 decebat
1156 349 1163 369 ε
1179 333 1362 374 Neronem
1377 339 1539 384 laudans,

154 380 253 430 quod
271 379 471 416 libertatem
484 379 620 416 Graeeis
639 379 804 423 dediffet‚
821 380 1073 429 Vespafianum
1093 383 1155 432 qui
1172 397 1249 421 eam
1263 387 1408 424 tolleret
1424 417 1433 432 ‚
1458 390 1542 426 lite-

152 431 199 466 ris
213 429 415 478 increpavit
431 432 456 467 ².
475 431 526 466 At
543 430 617 479 ipse
631 430 755 479 postea
769 430 915 467 edotius
935 443 1021 480 quas
1038 445 1138 468 curas
1155 447 1222 481 pro
1239 437 1425 484 republica
1448 440 1541 476 rede

154 482 188 517 δε
201 480 366 516 consulte
380 479 584 516 ordinanda
596 481 764 529 Princeps
781 479 984 524 sustineret,
1009 481 1131 529 posuit
1150 483 1236 527 iras,
1262 490 1294 521 ὃς
1320 487 1358 523 in
1381 488 1540 536 publicce

152 529 288 566 laetitiae
303 541 438 579 partem
456 529 649 580 laudesque
670 530 782 567 venit.
813 530 898 567 Una
915 542 1002 567 tunc
1014 531 1147 568 femina
1160 560 1168 575 ‚
1194 533 1314 571 thnis
1335 539 1484 576 nomine
1502 540 1512 558 ³
1527 566 1539 583 ‚

151 580 281 616 famam
312 579 515 629 Vespasiani
550 580 789 617 inumbrabat.
817 581 991 617 Antonite
1025 582 1211 631 quondam
1237 583 1365 622 liberta
1393 613 1401 627 ‚
1431 588 1538 626 fidem

151 629 203 666 ita
219 629 437 679 probaverat
451 658 459 673 ,
483 641 524 666 ut
538 630 789 667 secretioribus
811 631 973 667 adhibita
988 660 996 674 ‚
1013 631 1167 682 jussaque
1185 634 1349 671 nuntiare
1363 636 1515 675 Tiberio
1527 668 1538 683 ‚

151 692 232 729 quae
246 680 415 716 adversus
437 693 518 716 eum
531 692 670 728 pararet
687 680 832 728 Sejanus
847 695 855 717 :
876 681 953 729 post
966 681 1172 730 Vespasiani
1182 683 1433 732 voluptatibus
1447 714 1456 729 ‚
1481 701 1539 723 an-

150 740 295 779 tequam
314 730 477 766 Flaviam
496 730 729 766 Domitillam
747 744 899 768 uxorem
917 731 1062 768 duceret
1076 760 1086 775 ‚
1114 732 1254 770 innexa.
1276 735 1310 770 Is
1336 762 1345 778 ,
1379 736 1538 783 privatus

149 779 270 816 adhuc
283 807 291 821 ‚
316 780 444 816 amissa
458 793 570 817 uxore
584 808 593 823 ,
612 780 798 817 Caenidem
821 781 860 816 in
888 781 1166 818 contubernium
1185 786 1374 820 revocavit
1388 813 1397 828 ,
1431 797 1539 836 atque

149 829 258 866 etiam
270 830 440 878 Princeps
459 843 562 878 pcene
579 830 674 878 justae
697 830 819 867 uxoris
841 831 929 868 loco
944 831 1082 869 habuit.
1109 832 1229 868 Caenis
1245 833 1281 869 in
1301 835 1337 870 id
1360 834 1538 886 fastigium

149 882 271 916 eveaa
285 907 294 923 ,
321 880 484 929 nihilque
502 880 539 915 in
553 881 762 918 austoritate
779 881 1010 931 magnificum
1025 910 1034 925 ,
1051 881 1115 917 nifi
1134 883 1319 920 immensas
1343 897 1431 933 opes
1446 913 1456 929 ,
1481 900 1538 923 re-

148 941 278 977 putans
295 958 304 973 ,
326 931 508 966 fortunam
522 930 568 966 ad
588 931 687 967 lucra
705 931 814 967 vertit
829 931 1125 979 :provinciarum
1146 935 1179 969 <Sc
1204 935 1423 970 exercituum
1442 949 1538 984 prce-

147 979 316 1024 fecturas,
335 993 401 1028 ma¹
420 980 554 1016 istratus
567 1007 576 1023 ,
603 980 805 1017 sacerdotia
825 1008 835 1024 ‚
864 981 1011 1030 ipsaque
1036 981 1212 1031 Principis
1233 984 1402 1032 responsa
1421 998 1538 1022 vena-

147 1029 198 1065 lia
227 994 471 1078 proponebat.
502 1031 619 1066 Tanta
652 1030 797 1067 foeditas
823 1031 945 1068 laudes
963 1031 1139 1080 Principis
1159 1032 1352 1077 obruisset,
1380 1034 1416 1069 ni
1438 1035 1539 1072 inex-

146 1079 318 1128 plebilem
353 1080 494 1117 feminae
535 1079 743 1129 cupidinem
774 1080 901 1118 finisset
932 1094 1039 1118 mors.
1063 1082 1160 1118 Tum
1178 1082 1200 1117 fi
1224 1083 1312 1132 quid
1333 1084 1452 1121 adhuc
1468 1086 1538 1121 ob-

147 1129 368 1166 trectationis
393 1143 435 1166 ex
462 1129 682 1166 tributorum
704 1130 1004 1180 vectigaliumque
1040 1132 1289 1181 magnitudine
1320 1134 1502 1183 supererat
1525 1163 1537 1179 ‚

146 1179 381 1227 Vespasianus
397 1179 544 1228 publica
564 1179 764 1217 necessitate
782 1182 799 1200 ⁴
822 1184 855 1217 ὃς
874 1180 1137 1230 Principalibus
1156 1182 1320 1230 impensis
1343 1211 1352 1227 ‚
1384 1197 1464 1233 quae
1498 1185 1536 1222 in

147 1228 256 1265 Urbis
275 1230 455 1279 totiusque
472 1229 612 1278 imperii
631 1229 738 1266 decus
754 1242 795 1266 ac
808 1231 1111 1280 magnificentiam
1133 1232 1240 1268 unice
1262 1232 1430 1270 cederent
1442 1262 1451 1278 ,
1469 1235 1538 1271 fuit

147 1279 342 1316 excusatus.
369 1279 457 1315 Hoc
470 1292 566 1315 anno
585 1281 593 1299 ⁵
609 1279 762 1316 feliciter
782 1281 817 1317 se
833 1281 969 1318 exeruit
991 1281 1228 1330 agricolarum
1248 1282 1537 1320 industriaCt‘rm

146 1329 242 1365 enim
261 1329 465 1379 praegelidae
491 1329 618 1366 hiemis
647 1330 843 1367 acerbitate
865 1331 943 1379 spes
960 1340 1037 1367 tota
1056 1332 1213 1380 segetum
1232 1332 1416 1370 interiisset
1435 1360 1447 1378 ,
1476 1348 1534 1371 re-

143 1379 238 1427 perti
266 1380 303 1415 in
325 1392 413 1430 agro
429 1379 676 1423 Treverico⁶,
705 1380 766 1430 qui
794 1380 945 1417 adverfis
968 1392 1173 1429 temporum
1189 1381 1361 1418 obluctati
1376 1411 1385 1426 ‚
1416 1385 1536 1421 mense

145 1428 282 1465 Martio
305 1441 453 1478 campos
474 1429 696 1467 resarrientes
719 1443 855 1467 novam
880 1430 1072 1467 sementem
1095 1431 1214 1467 telluri
1236 1433 1429 1470 credidere.
1463 1433 1538 1470 Na-

145 1489 245 1522 tura,
266 1479 390 1516 labore
409 1479 508 1517 vinci
526 1479 607 1516 laeta
619 1506 628 1523 ‚
649 1479 818 1530 agrestem
830 1480 1041 1530 patientiam
1057 1481 1244 1518 uberrimis
1266 1482 1429 1520 messibus
1443 1497 1536 1533 pen-

144 1527 249 1565 savit.

474 1555 613 1590 ANNUS
629 1554 677 1592 U.
692 1555 734 1591 C.
752 1567 985 1592 Dcccxxvln.
1041 1557 1071 1591 J.
1087 1558 1120 1591 C.
1141 1567 1205 1606 75.

192 1627 410 1677 Vespasiano
434 1629 597 1678 Augusto
620 1629 672 1665 VI
695 1656 705 1673 ‚
740 1630 831 1666 Tito
857 1629 996 1667 Caesare
1014 1631 1065 1666 IV
1093 1631 1303 1667 consulibus
1319 1657 1327 1673 ‚
1359 1632 1534 1681 templum

143 1677 268 1714 Pacis-⁷
289 1706 299 1722 ,
320 1691 394 1728 quo
412 1679 551 1715 nullum
576 1680 614 1715 in
627 1679 728 1716 Urbe
746 1680 813 1716 fuit
831 1682 940 1728 majus
960 1680 1214 1731 pulchriusque
1239 1709 1248 1724 ,
1277 1681 1433 1718 dicatum
1459 1682 1505 1718 est
1526 1696 1536 1718 :

143 1728 197 1763 ibi
212 1756 221 1771 ‚
235 1739 367 1764 ceteras
383 1729 476 1766 inter
491 1742 579 1778 opes
599 1729 760 1779 undique
777 1740 948 1766 terrarum
969 1730 1151 1774 advectas,
1169 1731 1283 1780 posita
1303 1732 1429 1780 templi
1445 1732 1536 1768 Hie-

144 1778 396 1827 rosolymitani
434 1779 551 1827 spolia
571 1780 598 1816 ¹³.
635 1780 750 1816 Simul
775 1780 1007 1816 attollebatur
1039 1781 1164 1829 ingens
1195 1781 1473 1829 magnificentia:
1501 1784 1536 1818 &

144 1828 293 1864 luxuriae
305 1829 516 1866 miraculum
531 1856 541 1872 ‚
567 1830 870 1879 amphitheatrum
886 1832 898 1849 ⁹
913 1858 923 1874 ‚
944 1828 1032 1866 divo
1055 1829 1220 1880 Augusto
1249 1831 1434 1880 quondam
1457 1844 1535 1868 me-

183 1934 190 1946 ¹
210 1928 370 1959 REDEGIT]
396 1928 509 1958 Sueton.
526 1930 553 1957 in
563 1929 818 1963 Vespasian.VIII.

894 1937 905 1954 4
926 1928 1063 1956 Pneueit
1090 1933 1314 1961 NECESSITATE]
1336 1930 1431 1964 Quam
1446 1931 1536 1958 Nero-

145 1962 242 1990 Euseb.
266 1964 294 1990 in
317 1962 449 1991 Chronic.
470 1968 497 1992 ὃς
518 1965 614 1991 Aurei.
650 1965 759 1992 Victor.
791 1966 818 1991 in

860 1964 901 1990 nis
915 1964 1045 1992 libidines
1060 1967 1085 1990 ὃ(
1105 1965 1197 1991 civilia
1211 1965 1280 1992 bella
1295 1973 1398 1993 tantam
1418 1965 1536 1992 induxe—

145 1997 282 2032 Epitomc.
296 1997 441 2031 perperam
449 2007 540 2026 autem
553 2000 581 2026 in
592 1999 726 2026 Suetonio
738 2000 820 2026 ’Πινα-

145 2035 216 2060 ciam
235 2033 361 2060 ciliciam
376 2053 383 2062 ,
402 2043 449 2066 pro
472 2034 616 2061 Traclzeixm
639 2035 765 2062 Ciliciam
782 2035 819 2062 le-

146 2069 239 2102 gitur,
261 2077 289 2095 ut
304 2077 378 2101 patet
398 2078 429 2095 ex
440 2067 576 2099 Victore3
597 2069 677 2103 idque
688 2072 744 2102 jam
758 2070 819 2096 aliis

146 2102 414 2130 observatum.1nde
437 2102 517 2130 facile
538 2104 676 2137 intelligas
693 2114 740 2131 cur
759 2105 820 2131 Fla-

146 2138 264 2171 viopolis
276 2159 282 2168 ,
298 2137 360 2165 urbs
379 2138 486 2166 Cilici-„e
499 2159 505 2167 ‚
522 2139 631 2165 initium
651 2148 707 2166 aetae
722 2138 772 2166 suae
791 2139 820 2166 in

148 2175 267 2200 nummis
280 2173 314 2200 ab
326 2172 376 2200 hoc
394 2183 467 2200 anno
481 2174 592 2206 ceperit.
606 2174 744 2201 Nummos
756 2173 819 2201 vide

146 2208 218 2241 apud
233 2208 426 2237 C1:1’c11erin,
448 2208 565 2235 Premier
583 2209 748 2243 Supple'ment
768 2219 819 2235 aux

148 2244 263 2270 Recueils
275 2243 304 2270 de
319 2243 460 2270 Me'a'rzilles
472 2263 478 2273 ‚
491 2252 552 2278 pag.
577 2252 617 2278 34.
631 2243 754 2271 Trachea
768 2244 820 2271 Ci-

148 2277 210 2305 licia
220 2288 292 2306 nunc
302 2279 400 2305 Turcis
411 2278 510 2305 dicitur
524 2279 639 2307 neh-iil.

183 2320 194 2332 2
216 2313 341 2341 ermus
368 2321 533 2341 mcnrmvr
545 2323 557 2341 r
577 2317 587 2346 ]
641 2313 721 2349 Quas
754 2313 818 2341 vide

146 2346 218 2378 apud
230 2346 421 2375 Philostratum
432 2369 439 2378 ,
450 2348 511 2375 Vir.
528 2349 660 2383 Apollon.
674 2349 767 2386 usu.

186 2391 192 2404 ³
213 2381 314 2409 Citius
328 2387 465 2415 nomme]
489 2383 603 2414 Sueton.
616 2385 644 2412 in
658 2383 817 2418 Vespasium.

146 2415 201 2444 ΙΙΙ.
211 2416 269 2446 Dio
279 2417 394 2453 LXVI,
408 2427 468 2454 pag.
478 2428 540 2453 751,

858 2007 918 2026 tant
931 2018 938 2028 ,
962 2007 989 2025 ut
1000 1998 1199 2032 Vespasianus,
1215 2001 1277 2027 cum
1290 2000 1434 2034 imperium
1445 2000 1536 2034 capes—

860 2033 943 2062 seret,
964 2033 1093 2067 profess'us
1112 2034 1143 2061 sit
1164 2035 1381 2069 quadringenties
1405 2035 1504 2062 millies
1525 2055 1536 2068 ,

859 2068 974 2096 Gallicae
996 2077 1113 2096 monetae
1133 2070 1208 2097 libris
1228 2072 1452 2101 7,TS2,0102000,
1473 2078 1535 2105 opus

858 2104 921 2140 effe!
948 2112 978 2141 τι]
1002 2104 1147 2136 respublica
1163 2106 1234 2139 stare
1256 2105 1344 2140 restit,
1371 2106 1484 2134 Sueton.
1505 2105 1535 2132 in

860 2138 1016 2171 Vespasian.
1032 2138 1120 2166 XVI.

897 2180 903 2196 5
925 2173 993 2200 Hoc
1017 2177 1122 2205 Anno]
1147 2173 1219 2202 Plin.
1236 2174 1359 2204 XVIII,
1376 2185 1418 2203 20.

895 2209 905 2225 ⁶
924 2207 1019 2236 AcRo
1044 2208 1256 2241 TREVERICO]
1281 2210 1362 2237 Nunc
1373 2210 1478 2238 Treves'.

896 2251 905 2268 7
927 2243 1082 2284 TEMPLUNJ
1103 2252 1187 2295 Mrem
1201 2247 1225 2283 J⁴
1236 2244 1294 2272 Dio
1306 2265 1313 2274 ,
1326 2245 1446 2276 LXVI,
1471 2254 1533 2280 pag.

859 2278 1056 2345 Πῖὃξὲῗιῗκῃῇ
1074 2277 1478 2349 1Videefiirafiiiin’irpiX-ppendice
1498 2313 1533 2340 ad

859 2348 958 2375 librum
968 2348 1149 2376 Historiarum
1163 2349 1190 2376 V
1206 2370 1213 2379 ,
1238 2358 1278 2383 52.

895 2390 905 2406 ⁹
927 2383 1233 2416 Aiipniwssmnvm]
1254 2385 1367 2413 Sueten.
1383 2384 1450 2412 ibid.
1472 2383 1533 2408 Hu-

858 2419 898 2452 jus
913 2418 1104 2453 amphitheatri
1126 2429 1186 2454 pars
1207 2429 1308 2455 magna
1328 2419 1415 2449 adhuc
1430 2417 1514 2446 exstat
1527 2437 1533 2447 ,
