<?xml version="1.0" encoding="UTF-8"?>
<!DOCTYPE html PUBLIC "-//W3C//DTD XHTML 1.0 Transitional//EN"
    "http://www.w3.org/TR/xhtml1/DTD/xhtml1-transitional.dtd">
<html xmlns="http://www.w3.org/1999/xhtml" xml:lang="en" lang="en">
 <head>
  <title>
</title>
<meta http-equiv="Content-Type" content="text/html;charset=utf-8" />
  <meta name='ocr-system' content='tesseract 3.04.00' />
  <meta name='ocr-capabilities' content='ocr_page ocr_carea ocr_par ocr_line ocrx_word'/>
</head>
<body>
  <div class='ocr_page' id='page_1' title='image "./operabro04taciuoft_0337.png"; bbox 0 0 1952 2708; ppageno 0'>
   <div class='ocr_carea' id='block_1_1' title="bbox 362 132 1526 186">
    <p class='ocr_par' dir='ltr' id='par_1_1' title="bbox 362 132 1526 186">
     <span class='ocr_line' id='line_1_1' title="bbox 362 132 1526 186; baseline -0.003 -8"><span class='ocrx_word' id='word_1_1' title='bbox 362 135 544 178; x_wconf 85' lang='lat' dir='ltr'>LIBRI</span> <span class='ocrx_word' id='word_1_2' title='bbox 589 132 868 175; x_wconf 86' lang='lat' dir='ltr'>ocTAvi</span> <span class='ocrx_word' id='word_1_3' title='bbox 911 133 1300 176; x_wconf 83' lang='lat' dir='ltr'><strong>ANNALIUM.</strong></span> <span class='ocrx_word' id='word_1_4' title='bbox 1440 146 1526 186; x_wconf 71' lang='lat'>325</span> 
     </span>
    </p>
   </div>
   <div class='ocr_carea' id='block_1_2' title="bbox 34 210 1669 1722">
    <p class='ocr_par' dir='ltr' id='par_1_2' title="bbox 148 210 1664 270">
     <span class='ocr_line' id='line_1_2' title="bbox 148 210 1664 270; baseline -0.003 -11"><span class='ocrx_word' id='word_1_5' title='bbox 148 230 213 259; x_wconf 84' lang='lat' dir='ltr'>tur</span> <span class='ocrx_word' id='word_1_6' title='bbox 243 219 283 258; x_wconf 91' lang='lat' dir='ltr'>in</span> <span class='ocrx_word' id='word_1_7' title='bbox 311 217 422 270; x_wconf 86' lang='lat' dir='ltr'>xysto</span> <span class='ocrx_word' id='word_1_8' title='bbox 444 222 454 237; x_wconf 92' lang='lat'>¹</span> <span class='ocrx_word' id='word_1_9' title='bbox 475 227 744 255; x_wconf 84' lang='lat' dir='ltr'>maternorum</span> <span class='ocrx_word' id='word_1_10' title='bbox 771 214 980 253; x_wconf 87' lang='lat' dir='ltr'>hortorum</span> <span class='ocrx_word' id='word_1_11' title='bbox 1008 217 1022 233; x_wconf 77' lang='lat'><em>2</em></span> <span class='ocrx_word' id='word_1_12' title='bbox 1040 243 1052 263; x_wconf 86' lang='grc'>,</span> <span class='ocrx_word' id='word_1_13' title='bbox 1080 216 1146 267; x_wconf 83' lang='lat' dir='ltr'>qui</span> <span class='ocrx_word' id='word_1_14' title='bbox 1177 216 1379 270; x_wconf 83' lang='lat' dir='ltr'>porticum</span> <span class='ocrx_word' id='word_1_15' title='bbox 1404 229 1425 255; x_wconf 89' lang='lat' dir='ltr'>a</span> <span class='ocrx_word' id='word_1_16' title='bbox 1446 210 1531 270; x_wconf 62' lang='lat' dir='ltr'>ripa</span> <span class='ocrx_word' id='word_1_17' title='bbox 1550 224 1664 240; x_wconf 75' lang='lat'>===</span> 
     </span>
    </p>

    <p class='ocr_par' dir='ltr' id='par_1_3' title="bbox 150 265 1669 336">
     <span class='ocr_line' id='line_1_3' title="bbox 150 265 1669 336; baseline -0.004 -14"><span class='ocrx_word' id='word_1_18' title='bbox 150 283 326 336; x_wconf 81' lang='lat' dir='ltr'>separat,</span> <span class='ocrx_word' id='word_1_19' title='bbox 356 277 633 328; x_wconf 86' lang='lat' dir='ltr'>inambulans,</span> <span class='ocrx_word' id='word_1_20' title='bbox 663 275 855 330; x_wconf 86' lang='lat' dir='ltr'>quosdam</span> <span class='ocrx_word' id='word_1_21' title='bbox 883 289 933 315; x_wconf 87' lang='lat' dir='ltr'>ex</span> <span class='ocrx_word' id='word_1_22' title='bbox 954 273 1032 315; x_wconf 89' lang='lat' dir='ltr'>illis</span> <span class='ocrx_word' id='word_1_23' title='bbox 1060 291 1153 316; x_wconf 90' lang='lat' dir='ltr'>cum</span> <span class='ocrx_word' id='word_1_24' title='bbox 1188 279 1379 318; x_wconf 82' lang='lat' dir='ltr'>matronis</span> <span class='ocrx_word' id='word_1_25' title='bbox 1415 291 1531 332; x_wconf 88' lang='lat' dir='ltr'>atque</span> <span class='ocrx_word' id='word_1_26' title='bbox 1552 265 1669 290; x_wconf 56' lang='lat' dir='ltr'><strong>A&#39;U‘C‘</strong></span> 
     </span>
    </p>

    <p class='ocr_par' dir='ltr' id='par_1_4' title="bbox 151 318 1647 390">
     <span class='ocr_line' id='line_1_4' title="bbox 151 318 1647 390; baseline -0.003 -7"><span class='ocrx_word' id='word_1_27' title='bbox 151 342 238 384; x_wconf 90' lang='lat' dir='ltr'>aliis</span> <span class='ocrx_word' id='word_1_28' title='bbox 265 341 510 382; x_wconf 85' lang='lat' dir='ltr'>senatoribus</span> <span class='ocrx_word' id='word_1_29' title='bbox 546 340 594 381; x_wconf 90' lang='lat' dir='ltr'>ad</span> <span class='ocrx_word' id='word_1_30' title='bbox 621 339 826 380; x_wconf 86' lang='lat' dir='ltr'>lucernam</span> <span class='ocrx_word' id='word_1_31' title='bbox 851 337 1071 378; x_wconf 78' lang='lat' dir='ltr'>decollavit</span> <span class='ocrx_word' id='word_1_32' title='bbox 1091 344 1118 378; x_wconf 79' lang='lat'>³.</span> <span class='ocrx_word' id='word_1_33' title='bbox 1158 339 1340 379; x_wconf 84' lang='lat' dir='ltr'>Feralem</span> <span class='ocrx_word' id='word_1_34' title='bbox 1374 340 1532 382; x_wconf 83' lang='lat' dir='ltr'><strong>scenam</strong></span> <span class='ocrx_word' id='word_1_35' title='bbox 1573 318 1647 390; x_wconf 49' lang='lat'>{93</span> 
     </span>
    </p>

    <p class='ocr_par' dir='ltr' id='par_1_5' title="bbox 100 401 1637 524">
     <span class='ocr_line' id='line_1_5' title="bbox 152 401 1637 460; baseline -0.002 -15"><span class='ocrx_word' id='word_1_36' title='bbox 152 406 312 460; x_wconf 86' lang='lat' dir='ltr'>excepit</span> <span class='ocrx_word' id='word_1_37' title='bbox 335 418 450 446; x_wconf 85' lang='lat' dir='ltr'>atrox</span> <span class='ocrx_word' id='word_1_38' title='bbox 469 403 691 445; x_wconf 87' lang='lat' dir='ltr'>consilium.</span> <span class='ocrx_word' id='word_1_39' title='bbox 718 403 851 443; x_wconf 86' lang='lat' dir='ltr'>Patres</span> <span class='ocrx_word' id='word_1_40' title='bbox 868 403 976 441; x_wconf 89' lang='lat' dir='ltr'>enim</span> <span class='ocrx_word' id='word_1_41' title='bbox 996 402 1222 442; x_wconf 85' lang='lat' dir='ltr'>occisorum</span> <span class='ocrx_word' id='word_1_42' title='bbox 1238 401 1375 442; x_wconf 66' lang='lat' dir='ltr'>eadem</span> <span class='ocrx_word' id='word_1_43' title='bbox 1392 406 1507 444; x_wconf 70' lang='lat' dir='ltr'>no&amp;e</span> <span class='ocrx_word' id='word_1_44' title='bbox 1520 432 1534 454; x_wconf 87' lang='lat'><strong><em>,</em></strong></span> <span class='ocrx_word' id='word_1_45' title='bbox 1584 422 1637 450; x_wconf 81' lang='lat'>40·</span> 
     </span>
     <span class='ocr_line' id='line_1_6' title="bbox 100 463 1537 524; baseline -0.001 -16"><span class='ocrx_word' id='word_1_46' title='bbox 100 472 123 512; x_wconf 85' lang='lat'>5</span> <span class='ocrx_word' id='word_1_47' title='bbox 153 468 310 508; x_wconf 81' lang='lat' dir='ltr'>dimiffis</span> <span class='ocrx_word' id='word_1_48' title='bbox 336 483 405 524; x_wconf 84' lang='lat' dir='ltr'>per</span> <span class='ocrx_word' id='word_1_49' title='bbox 431 468 572 508; x_wconf 88' lang='lat' dir='ltr'>domos</span> <span class='ocrx_word' id='word_1_50' title='bbox 599 463 927 515; x_wconf 85' lang='lat' dir='ltr'>centurionibus,</span> <span class='ocrx_word' id='word_1_51' title='bbox 953 464 1132 505; x_wconf 87' lang='lat' dir='ltr'>confecit</span> <span class='ocrx_word' id='word_1_52' title='bbox 1145 470 1161 493; x_wconf 78' lang='lat'>4</span> <span class='ocrx_word' id='word_1_53' title='bbox 1170 494 1183 516; x_wconf 84' lang='grc'>,</span> <span class='ocrx_word' id='word_1_54' title='bbox 1208 480 1259 506; x_wconf 91' lang='lat' dir='ltr'>ne</span> <span class='ocrx_word' id='word_1_55' title='bbox 1285 465 1437 506; x_wconf 82' lang='lat' dir='ltr'>saevitiae</span> <span class='ocrx_word' id='word_1_56' title='bbox 1466 480 1537 507; x_wconf 85' lang='lat' dir='ltr'>ex-</span> 
     </span>
    </p>

    <p class='ocr_par' dir='ltr' id='par_1_6' title="bbox 152 530 836 587">
     <span class='ocr_line' id='line_1_7' title="bbox 152 530 836 587; baseline -0.001 -17"><span class='ocrx_word' id='word_1_57' title='bbox 152 530 404 587; x_wconf 84' lang='lat' dir='ltr'>probratores</span> <span class='ocrx_word' id='word_1_58' title='bbox 430 532 564 572; x_wconf 87' lang='lat' dir='ltr'>vivere</span> <span class='ocrx_word' id='word_1_59' title='bbox 593 543 805 586; x_wconf 88' lang='lat' dir='ltr'>pateretur.</span> <span class='ocrx_word' id='word_1_60' title='bbox 831 552 836 556; x_wconf 67' lang='grc'><strong>«</strong></span> 
     </span>
    </p>

    <p class='ocr_par' dir='ltr' id='par_1_7' title="bbox 214 589 1538 635">
     <span class='ocr_line' id='line_1_8' title="bbox 214 589 1538 635; baseline -0.002 0"><span class='ocrx_word' id='word_1_61' title='bbox 214 594 386 635; x_wconf 86' lang='lat' dir='ltr'><strong>XLVI.</strong></span> <span class='ocrx_word' id='word_1_62' title='bbox 418 594 528 635; x_wconf 82' lang='lat' dir='ltr'>ToT</span> <span class='ocrx_word' id='word_1_63' title='bbox 554 595 657 633; x_wconf 91' lang='lat' dir='ltr'>inter</span> <span class='ocrx_word' id='word_1_64' title='bbox 681 605 828 633; x_wconf 88' lang='lat' dir='ltr'>mortes</span> <span class='ocrx_word' id='word_1_65' title='bbox 856 591 1016 633; x_wconf 88' lang='lat' dir='ltr'>casuum</span> <span class='ocrx_word' id='word_1_66' title='bbox 1039 589 1294 632; x_wconf 82' lang='lat' dir='ltr'>similitudine</span> <span class='ocrx_word' id='word_1_67' title='bbox 1321 591 1426 631; x_wconf 84' lang='lat' dir='ltr'>haud</span> <span class='ocrx_word' id='word_1_68' title='bbox 1454 606 1538 632; x_wconf 89' lang='lat' dir='ltr'>me-</span> 
     </span>
    </p>

    <p class='ocr_par' dir='ltr' id='par_1_8' title="bbox 152 649 1538 710">
     <span class='ocr_line' id='line_1_9' title="bbox 152 649 1538 710; baseline -0.001 -14"><span class='ocrx_word' id='word_1_69' title='bbox 152 656 363 698; x_wconf 88' lang='lat' dir='ltr'>morandas</span> <span class='ocrx_word' id='word_1_70' title='bbox 395 671 473 696; x_wconf 86' lang='lat' dir='ltr'>una</span> <span class='ocrx_word' id='word_1_71' title='bbox 510 657 656 696; x_wconf 87' lang='lat' dir='ltr'>exstitit</span> <span class='ocrx_word' id='word_1_72' title='bbox 686 649 887 710; x_wconf 86' lang='lat' dir='ltr'>insignior.</span> <span class='ocrx_word' id='word_1_73' title='bbox 926 655 1054 699; x_wconf 89' lang='lat' dir='ltr'>Jussus</span> <span class='ocrx_word' id='word_1_74' title='bbox 1086 656 1193 695; x_wconf 91' lang='lat' dir='ltr'>enim</span> <span class='ocrx_word' id='word_1_75' title='bbox 1231 654 1378 710; x_wconf 89' lang='lat' dir='ltr'>Capito</span> <span class='ocrx_word' id='word_1_76' title='bbox 1415 658 1426 685; x_wconf 86' lang='lat'>5</span> <span class='ocrx_word' id='word_1_77' title='bbox 1466 653 1538 694; x_wconf 88' lang='lat' dir='ltr'>filii</span> 
     </span>
    </p>

    <p class='ocr_par' dir='ltr' id='par_1_9' title="bbox 155 716 1534 768">
     <span class='ocr_line' id='line_1_10' title="bbox 155 716 1534 768; baseline -0.002 -9"><span class='ocrx_word' id='word_1_78' title='bbox 155 720 214 759; x_wconf 87' lang='lat' dir='ltr'>sui</span> <span class='ocrx_word' id='word_1_79' title='bbox 242 719 338 762; x_wconf 86' lang='lat' dir='ltr'>caedi</span> <span class='ocrx_word' id='word_1_80' title='bbox 364 719 572 768; x_wconf 80' lang='lat' dir='ltr'>interesse,</span> <span class='ocrx_word' id='word_1_81' title='bbox 606 722 646 759; x_wconf 85' lang='lat'>&amp;</span> <span class='ocrx_word' id='word_1_82' title='bbox 675 736 696 755; x_wconf 72' lang='grc' dir='ltr'>(ε</span> <span class='ocrx_word' id='word_1_83' title='bbox 725 733 821 759; x_wconf 89' lang='lat' dir='ltr'>num</span> <span class='ocrx_word' id='word_1_84' title='bbox 854 717 991 758; x_wconf 82' lang='lat' dir='ltr'>clausis</span> <span class='ocrx_word' id='word_1_85' title='bbox 1024 716 1152 758; x_wconf 84' lang='lat' dir='ltr'>oculis</span> <span class='ocrx_word' id='word_1_86' title='bbox 1181 717 1307 758; x_wconf 78' lang='lat' dir='ltr'>adesse</span> <span class='ocrx_word' id='word_1_87' title='bbox 1343 716 1485 757; x_wconf 87' lang='lat' dir='ltr'>liceret</span> <span class='ocrx_word' id='word_1_88' title='bbox 1509 733 1534 753; x_wconf 87' lang='lat'>»</span> 
     </span>
    </p>

    <p class='ocr_par' dir='ltr' id='par_1_10' title="bbox 78 778 1544 1090">
     <span class='ocr_line' id='line_1_11' title="bbox 78 778 1542 838; baseline -0.001 -18"><span class='ocrx_word' id='word_1_89' title='bbox 78 791 128 820; x_wconf 88' lang='lat'>10</span> <span class='ocrx_word' id='word_1_90' title='bbox 154 783 408 838; x_wconf 83' lang='lat' dir='ltr'>interrogans</span> <span class='ocrx_word' id='word_1_91' title='bbox 425 811 437 832; x_wconf 66' lang='lat'><strong><em>7</em></strong></span> <span class='ocrx_word' id='word_1_92' title='bbox 465 784 591 822; x_wconf 86' lang='lat' dir='ltr'>statim</span> <span class='ocrx_word' id='word_1_93' title='bbox 618 783 757 822; x_wconf 86' lang='lat' dir='ltr'>mortis</span> <span class='ocrx_word' id='word_1_94' title='bbox 785 781 990 822; x_wconf 84' lang='lat' dir='ltr'>damnatus</span> <span class='ocrx_word' id='word_1_95' title='bbox 1016 781 1081 821; x_wconf 89' lang='lat' dir='ltr'>est.</span> <span class='ocrx_word' id='word_1_96' title='bbox 1105 781 1194 824; x_wconf 84' lang='lat' dir='ltr'>Jam</span> <span class='ocrx_word' id='word_1_97' title='bbox 1220 778 1419 836; x_wconf 89' lang='lat' dir='ltr'>supplicio</span> <span class='ocrx_word' id='word_1_98' title='bbox 1448 794 1542 835; x_wconf 84' lang='lat' dir='ltr'>pro-</span> 
     </span>
     <span class='ocr_line' id='line_1_12' title="bbox 153 843 1544 898; baseline -0.002 -12"><span class='ocrx_word' id='word_1_99' title='bbox 153 847 312 896; x_wconf 83' lang='lat' dir='ltr'>ximus,</span> <span class='ocrx_word' id='word_1_100' title='bbox 344 846 383 885; x_wconf 87' lang='lat' dir='ltr'>se</span> <span class='ocrx_word' id='word_1_101' title='bbox 413 860 464 886; x_wconf 84' lang='lat' dir='ltr'>ex</span> <span class='ocrx_word' id='word_1_102' title='bbox 489 843 705 897; x_wconf 88' lang='lat' dir='ltr'>conjuratis</span> <span class='ocrx_word' id='word_1_103' title='bbox 731 859 855 884; x_wconf 87' lang='lat' dir='ltr'>unum</span> <span class='ocrx_word' id='word_1_104' title='bbox 881 844 956 884; x_wconf 83' lang='lat' dir='ltr'>effe</span> <span class='ocrx_word' id='word_1_105' title='bbox 981 843 1205 893; x_wconf 84' lang='lat' dir='ltr'>simulavit,</span> <span class='ocrx_word' id='word_1_106' title='bbox 1231 843 1425 884; x_wconf 89' lang='lat' dir='ltr'>indicium</span> <span class='ocrx_word' id='word_1_107' title='bbox 1449 857 1544 898; x_wconf 85' lang='lat' dir='ltr'>pro-</span> 
     </span>
     <span class='ocr_line' id='line_1_13' title="bbox 155 905 1542 961; baseline -0.003 -12"><span class='ocrx_word' id='word_1_108' title='bbox 155 909 270 949; x_wconf 82' lang='lat' dir='ltr'>feffus</span> <span class='ocrx_word' id='word_1_109' title='bbox 296 907 325 949; x_wconf 76' lang='lat'>⁶,</span> <span class='ocrx_word' id='word_1_110' title='bbox 353 910 409 948; x_wconf 92' lang='lat' dir='ltr'>At</span> <span class='ocrx_word' id='word_1_111' title='bbox 436 908 639 958; x_wconf 65' lang='lat' dir='ltr'>Iustitiam,</span> <span class='ocrx_word' id='word_1_112' title='bbox 673 905 778 948; x_wconf 68' lang='lat' dir='ltr'>nova</span> <span class='ocrx_word' id='word_1_113' title='bbox 809 907 1127 948; x_wconf 87' lang='lat' dir='ltr'>occidendorum</span> <span class='ocrx_word' id='word_1_114' title='bbox 1162 907 1229 961; x_wconf 86' lang='lat' dir='ltr'>spe</span> <span class='ocrx_word' id='word_1_115' title='bbox 1260 906 1498 961; x_wconf 86' lang='lat' dir='ltr'>gliscentem</span> <span class='ocrx_word' id='word_1_116' title='bbox 1526 933 1542 955; x_wconf 91' lang='lat'>‚</span> 
     </span>
     <span class='ocr_line' id='line_1_14' title="bbox 157 966 1542 1028; baseline -0.003 -16"><span class='ocrx_word' id='word_1_117' title='bbox 157 973 240 1012; x_wconf 83' lang='lat' dir='ltr'>cito</span> <span class='ocrx_word' id='word_1_118' title='bbox 266 971 463 1028; x_wconf 79' lang='lat' dir='ltr'>repressit,</span> <span class='ocrx_word' id='word_1_119' title='bbox 495 974 586 1013; x_wconf 67' lang='lat' dir='ltr'>clim</span> <span class='ocrx_word' id='word_1_120' title='bbox 612 972 788 1012; x_wconf 57' lang='lat' dir='ltr'>auciores</span> <span class='ocrx_word' id='word_1_121' title='bbox 815 969 1015 1023; x_wconf 86' lang='lat' dir='ltr'>ducesque</span> <span class='ocrx_word' id='word_1_122' title='bbox 1042 967 1331 1021; x_wconf 79' lang='lat' dir='ltr'>conjurationis</span> <span class='ocrx_word' id='word_1_123' title='bbox 1363 966 1542 1024; x_wconf 89' lang='lat' dir='ltr'>appella-</span> 
     </span>
     <span class='ocr_line' id='line_1_15' title="bbox 154 1032 1542 1090; baseline -0.001 -16"><span class='ocrx_word' id='word_1_124' title='bbox 154 1047 215 1075; x_wconf 75' lang='lat' dir='ltr'>ret</span> <span class='ocrx_word' id='word_1_125' title='bbox 240 1035 437 1090; x_wconf 88' lang='lat' dir='ltr'>Principis</span> <span class='ocrx_word' id='word_1_126' title='bbox 462 1033 675 1075; x_wconf 84' lang='lat' dir='ltr'>libidinum</span> <span class='ocrx_word' id='word_1_127' title='bbox 702 1034 922 1084; x_wconf 82' lang='lat' dir='ltr'>ministros,</span> <span class='ocrx_word' id='word_1_128' title='bbox 953 1032 1069 1073; x_wconf 84' lang='lat' dir='ltr'>Urbis</span> <span class='ocrx_word' id='word_1_129' title='bbox 1095 1033 1444 1088; x_wconf 80' lang='lat' dir='ltr'>proetoriarumque</span> <span class='ocrx_word' id='word_1_130' title='bbox 1475 1046 1542 1072; x_wconf 87' lang='lat' dir='ltr'>co-</span> 
     </span>
    </p>

    <p class='ocr_par' dir='ltr' id='par_1_11' title="bbox 34 1094 1542 1328">
     <span class='ocr_line' id='line_1_16' title="bbox 34 1094 1542 1153; baseline -0.006 -12"><span class='ocrx_word' id='word_1_131' title='bbox 34 1106 38 1110; x_wconf 91' lang='lat'>&#39;</span> <span class='ocrx_word' id='word_1_132' title='bbox 81 1102 125 1141; x_wconf 84' lang='lat'>¹5</span> <span class='ocrx_word' id='word_1_133' title='bbox 156 1099 334 1138; x_wconf 89' lang='lat' dir='ltr'>hortium</span> <span class='ocrx_word' id='word_1_134' title='bbox 363 1097 590 1153; x_wconf 69' lang='lat' dir='ltr'>praefe&amp;os,</span> <span class='ocrx_word' id='word_1_135' title='bbox 627 1096 835 1138; x_wconf 81' lang='lat' dir='ltr'>Callistum</span> <span class='ocrx_word' id='word_1_136' title='bbox 873 1101 887 1123; x_wconf 92' lang='lat'><strong><em>⁷</em></strong></span> <span class='ocrx_word' id='word_1_137' title='bbox 921 1110 971 1136; x_wconf 82' lang='lat' dir='ltr'>ex</span> <span class='ocrx_word' id='word_1_138' title='bbox 996 1094 1148 1136; x_wconf 85' lang='lat' dir='ltr'>libertis</span> <span class='ocrx_word' id='word_1_139' title='bbox 1187 1095 1452 1144; x_wconf 76' lang='lat' dir='ltr'>carissimum,</span> <span class='ocrx_word' id='word_1_140' title='bbox 1479 1095 1542 1149; x_wconf 73' lang='lat' dir='ltr'>ip-</span> 
     </span>
     <span class='ocr_line' id='line_1_17' title="bbox 155 1158 1542 1215; baseline -0.004 -14"><span class='ocrx_word' id='word_1_141' title='bbox 155 1161 316 1215; x_wconf 88' lang='lat' dir='ltr'>samque</span> <span class='ocrx_word' id='word_1_142' title='bbox 344 1161 432 1202; x_wconf 73' lang='lat' dir='ltr'>Caii</span> <span class='ocrx_word' id='word_1_143' title='bbox 455 1175 624 1202; x_wconf 86' lang='lat' dir='ltr'>uxorein</span> <span class='ocrx_word' id='word_1_144' title='bbox 653 1160 886 1200; x_wconf 79' lang='lat' dir='ltr'>Caesoniam.</span> <span class='ocrx_word' id='word_1_145' title='bbox 906 1158 1113 1209; x_wconf 86' lang='lat' dir='ltr'>Libertas,</span> <span class='ocrx_word' id='word_1_146' title='bbox 1138 1158 1351 1198; x_wconf 82' lang='lat' dir='ltr'>mendacio</span> <span class='ocrx_word' id='word_1_147' title='bbox 1377 1171 1542 1211; x_wconf 87' lang='lat' dir='ltr'>corrup·-</span> 
     </span>
     <span class='ocr_line' id='line_1_18' title="bbox 157 1220 1541 1280; baseline -0.004 -16"><span class='ocrx_word' id='word_1_148' title='bbox 157 1237 225 1274; x_wconf 56' lang='grc' dir='ltr'>τε,</span> <span class='ocrx_word' id='word_1_149' title='bbox 256 1222 357 1264; x_wconf 89' lang='lat' dir='ltr'>nihil</span> <span class='ocrx_word' id='word_1_150' title='bbox 384 1226 515 1280; x_wconf 81' lang='lat' dir='ltr'>patria:</span> <span class='ocrx_word' id='word_1_151' title='bbox 542 1223 693 1279; x_wconf 86' lang='lat' dir='ltr'>profuit</span> <span class='ocrx_word' id='word_1_152' title='bbox 716 1240 724 1263; x_wconf 75' lang='grc' dir='ltr'><strong><em>ε</em></strong></span> <span class='ocrx_word' id='word_1_153' title='bbox 754 1222 943 1278; x_wconf 82' lang='lat' dir='ltr'>Capitoni</span> <span class='ocrx_word' id='word_1_154' title='bbox 971 1235 1201 1277; x_wconf 85' lang='lat' dir='ltr'>promptum</span> <span class='ocrx_word' id='word_1_155' title='bbox 1232 1237 1277 1262; x_wconf 83' lang='lat' dir='ltr'>ac</span> <span class='ocrx_word' id='word_1_156' title='bbox 1295 1221 1435 1261; x_wconf 87' lang='lat' dir='ltr'>durum</span> <span class='ocrx_word' id='word_1_157' title='bbox 1451 1220 1541 1260; x_wconf 76' lang='lat' dir='ltr'>vita:</span> 
     </span>
     <span class='ocr_line' id='line_1_19' title="bbox 158 1285 489 1328; baseline 0 -1"><span class='ocrx_word' id='word_1_158' title='bbox 158 1288 309 1327; x_wconf 88' lang='lat' dir='ltr'>exitum</span> <span class='ocrx_word' id='word_1_159' title='bbox 335 1285 489 1328; x_wconf 90' lang='lat' dir='ltr'>adtulit.</span> 
     </span>
    </p>

    <p class='ocr_par' dir='ltr' id='par_1_12' title="bbox 219 1343 1544 1402">
     <span class='ocr_line' id='line_1_20' title="bbox 219 1343 1544 1402; baseline -0.005 -12"><span class='ocrx_word' id='word_1_160' title='bbox 219 1349 416 1390; x_wconf 87' lang='lat' dir='ltr'><strong>XLVII.</strong></span> <span class='ocrx_word' id='word_1_161' title='bbox 450 1351 694 1390; x_wconf 65' lang='lat' dir='ltr'>Pamcnps</span> <span class='ocrx_word' id='word_1_162' title='bbox 737 1350 861 1399; x_wconf 80' lang='lat' dir='ltr'>vero,</span> <span class='ocrx_word' id='word_1_163' title='bbox 893 1362 1011 1402; x_wconf 87' lang='lat' dir='ltr'>quem</span> <span class='ocrx_word' id='word_1_164' title='bbox 1045 1347 1318 1397; x_wconf 77' lang='lat' dir='ltr'>conscientia,</span> <span class='ocrx_word' id='word_1_165' title='bbox 1347 1343 1544 1388; x_wconf 87' lang='lat' dir='ltr'>scelerum</span> 
     </span>
    </p>

    <p class='ocr_par' dir='ltr' id='par_1_13' title="bbox 74 1411 1546 1722">
     <span class='ocr_line' id='line_1_21' title="bbox 74 1411 1545 1466; baseline -0.002 -14"><span class='ocrx_word' id='word_1_166' title='bbox 74 1425 131 1452; x_wconf 90' lang='lat'>20</span> <span class='ocrx_word' id='word_1_167' title='bbox 157 1414 261 1454; x_wconf 87' lang='lat' dir='ltr'>testis</span> <span class='ocrx_word' id='word_1_168' title='bbox 287 1417 327 1454; x_wconf 85' lang='lat'>&amp;</span> <span class='ocrx_word' id='word_1_169' title='bbox 358 1413 534 1464; x_wconf 82' lang='lat' dir='ltr'>vindex,</span> <span class='ocrx_word' id='word_1_170' title='bbox 569 1412 632 1454; x_wconf 89' lang='lat' dir='ltr'>vel</span> <span class='ocrx_word' id='word_1_171' title='bbox 672 1412 880 1453; x_wconf 79' lang='lat' dir='ltr'>saeviffimis</span> <span class='ocrx_word' id='word_1_172' title='bbox 907 1413 1084 1466; x_wconf 84' lang='lat' dir='ltr'>tyrannis</span> <span class='ocrx_word' id='word_1_173' title='bbox 1126 1411 1365 1460; x_wconf 84' lang='lat' dir='ltr'>formidata,</span> <span class='ocrx_word' id='word_1_174' title='bbox 1394 1423 1545 1464; x_wconf 81' lang='lat' dir='ltr'>angore</span> 
     </span>
     <span class='ocr_line' id='line_1_22' title="bbox 158 1472 1546 1530; baseline -0.005 -13"><span class='ocrx_word' id='word_1_175' title='bbox 158 1491 206 1517; x_wconf 86' lang='lat' dir='ltr'>ac</span> <span class='ocrx_word' id='word_1_176' title='bbox 236 1475 507 1517; x_wconf 85' lang='lat' dir='ltr'>sollicitudine</span> <span class='ocrx_word' id='word_1_177' title='bbox 533 1475 746 1526; x_wconf 77' lang='lat' dir='ltr'>lancinat,</span> <span class='ocrx_word' id='word_1_178' title='bbox 783 1475 918 1515; x_wconf 84' lang='lat' dir='ltr'>onmia</span> <span class='ocrx_word' id='word_1_179' title='bbox 957 1474 1130 1530; x_wconf 68' lang='lat' dir='ltr'>suspeEla</span> <span class='ocrx_word' id='word_1_180' title='bbox 1165 1473 1310 1514; x_wconf 88' lang='lat' dir='ltr'>habere</span> <span class='ocrx_word' id='word_1_181' title='bbox 1339 1502 1352 1523; x_wconf 86' lang='lat'><em>,</em></span> <span class='ocrx_word' id='word_1_182' title='bbox 1394 1472 1546 1512; x_wconf 88' lang='lat' dir='ltr'>nemini</span> 
     </span>
     <span class='ocr_line' id='line_1_23' title="bbox 160 1536 1545 1591; baseline -0.004 -11"><span class='ocrx_word' id='word_1_183' title='bbox 160 1539 344 1588; x_wconf 87' lang='lat' dir='ltr'>credere,</span> <span class='ocrx_word' id='word_1_184' title='bbox 372 1554 510 1580; x_wconf 90' lang='lat' dir='ltr'>omnes</span> <span class='ocrx_word' id='word_1_185' title='bbox 534 1552 711 1580; x_wconf 83' lang='lat' dir='ltr'>metuere</span> <span class='ocrx_word' id='word_1_186' title='bbox 732 1553 739 1575; x_wconf 74' lang='grc' dir='ltr'>ε</span> <span class='ocrx_word' id='word_1_187' title='bbox 762 1538 884 1578; x_wconf 82' lang='lat' dir='ltr'>modo</span> <span class='ocrx_word' id='word_1_188' title='bbox 904 1537 1179 1591; x_wconf 83' lang='lat' dir='ltr'>indignatione</span> <span class='ocrx_word' id='word_1_189' title='bbox 1202 1551 1336 1578; x_wconf 81' lang='lat' dir='ltr'>amens</span> <span class='ocrx_word' id='word_1_190' title='bbox 1351 1566 1364 1585; x_wconf 83' lang='lat'><em>‚</em></span> <span class='ocrx_word' id='word_1_191' title='bbox 1392 1536 1545 1584; x_wconf 85' lang='lat' dir='ltr'>furere,</span> 
     </span>
     <span class='ocr_line' id='line_1_24' title="bbox 159 1597 1546 1658; baseline -0.002 -17"><span class='ocrx_word' id='word_1_192' title='bbox 159 1617 359 1656; x_wconf 90' lang='lat' dir='ltr'>unamque</span> <span class='ocrx_word' id='word_1_193' title='bbox 384 1616 521 1658; x_wconf 88' lang='lat' dir='ltr'>optare</span> <span class='ocrx_word' id='word_1_194' title='bbox 544 1601 698 1658; x_wconf 91' lang='lat' dir='ltr'>populo</span> <span class='ocrx_word' id='word_1_195' title='bbox 715 1603 903 1643; x_wconf 89' lang='lat' dir='ltr'>Romano</span> <span class='ocrx_word' id='word_1_196' title='bbox 923 1602 1121 1642; x_wconf 81' lang='lat' dir='ltr'>cervicem</span> <span class='ocrx_word' id='word_1_197' title='bbox 1141 1597 1156 1621; x_wconf 70' lang='grc'>8</span> <span class='ocrx_word' id='word_1_198' title='bbox 1173 1613 1242 1650; x_wconf 83' lang='lat' dir='ltr'>‚ut</span> <span class='ocrx_word' id='word_1_199' title='bbox 1268 1598 1416 1640; x_wconf 88' lang='lat' dir='ltr'>scelera</span> <span class='ocrx_word' id='word_1_200' title='bbox 1448 1598 1513 1638; x_wconf 86' lang='lat' dir='ltr'>sua</span> <span class='ocrx_word' id='word_1_201' title='bbox 1532 1626 1546 1647; x_wconf 91' lang='lat'>‚</span> 
     </span>
     <span class='ocr_line' id='line_1_25' title="bbox 158 1664 1546 1722; baseline -0.004 -17"><span class='ocrx_word' id='word_1_202' title='bbox 158 1678 221 1707; x_wconf 90' lang='lat' dir='ltr'>tot</span> <span class='ocrx_word' id='word_1_203' title='bbox 248 1664 349 1706; x_wconf 86' lang='lat' dir='ltr'>locis</span> <span class='ocrx_word' id='word_1_204' title='bbox 388 1681 435 1706; x_wconf 88' lang='lat' dir='ltr'>ac</span> <span class='ocrx_word' id='word_1_205' title='bbox 463 1664 709 1722; x_wconf 87' lang='lat' dir='ltr'>temporibus</span> <span class='ocrx_word' id='word_1_206' title='bbox 737 1665 893 1706; x_wconf 62' lang='lat' dir='ltr'>didueta</span> <span class='ocrx_word' id='word_1_207' title='bbox 909 1693 922 1715; x_wconf 82' lang='lat'><em>,</em></span> <span class='ocrx_word' id='word_1_208' title='bbox 950 1665 992 1704; x_wconf 87' lang='lat' dir='ltr'>in</span> <span class='ocrx_word' id='word_1_209' title='bbox 1021 1678 1144 1704; x_wconf 89' lang='lat' dir='ltr'>unum</span> <span class='ocrx_word' id='word_1_210' title='bbox 1175 1665 1295 1703; x_wconf 53' lang='lat' dir='ltr'>icium</span> <span class='ocrx_word' id='word_1_211' title='bbox 1316 1691 1330 1714; x_wconf 86' lang='grc'>,</span> <span class='ocrx_word' id='word_1_212' title='bbox 1360 1666 1400 1702; x_wconf 85' lang='lat'>&amp;</span> <span class='ocrx_word' id='word_1_213' title='bbox 1420 1675 1546 1702; x_wconf 87' lang='lat' dir='ltr'>unum</span> 
     </span>
    </p>
   </div>
   <div class='ocr_carea' id='block_1_3' title="bbox 1551 241 1663 246">
    <p class='ocr_par' dir='ltr' id='par_1_14' title="bbox 1551 241 1663 246">
     <span class='ocr_line' id='line_1_26' title="bbox 1551 241 1663 246; baseline 0 0"><span class='ocrx_word' id='word_1_214' title='bbox 1551 241 1663 246; x_wconf 95' lang='lat' dir='ltr'> </span> 
     </span>
    </p>
   </div>
   <div class='ocr_carea' id='block_1_4' title="bbox 159 1781 1548 1866">
    <p class='ocr_par' dir='ltr' id='par_1_15' title="bbox 159 1781 1548 1866">
     <span class='ocr_line' id='line_1_27' title="bbox 200 1781 1548 1827; baseline -0.006 -9"><span class='ocrx_word' id='word_1_215' title='bbox 200 1790 209 1801; x_wconf 88' lang='lat'>¹</span> <span class='ocrx_word' id='word_1_216' title='bbox 233 1789 267 1818; x_wconf 71' lang='lat' dir='ltr'>Iu</span> <span class='ocrx_word' id='word_1_217' title='bbox 290 1788 419 1824; x_wconf 70' lang='lat' dir='ltr'>xvsro]</span> <span class='ocrx_word' id='word_1_218' title='bbox 443 1787 550 1826; x_wconf 84' lang='lat' dir='ltr'>Xystus</span> <span class='ocrx_word' id='word_1_219' title='bbox 574 1787 746 1818; x_wconf 84' lang='lat' dir='ltr'>ambulatio</span> <span class='ocrx_word' id='word_1_220' title='bbox 772 1796 836 1818; x_wconf 82' lang='lat' dir='ltr'>erat</span> <span class='ocrx_word' id='word_1_221' title='bbox 866 1786 982 1827; x_wconf 79' lang='lat' dir='ltr'>saevin&#39;ae</span> <span class='ocrx_word' id='word_1_222' title='bbox 995 1785 1063 1825; x_wconf 61' lang='lat' dir='ltr'>‚sbti</span> <span class='ocrx_word' id='word_1_223' title='bbox 1082 1785 1131 1816; x_wconf 82' lang='lat' dir='ltr'>irae</span> <span class='ocrx_word' id='word_1_224' title='bbox 1148 1785 1247 1814; x_wconf 76' lang='lat' dir='ltr'>malum</span> <span class='ocrx_word' id='word_1_225' title='bbox 1265 1783 1423 1824; x_wconf 75' lang='lat' dir='ltr'>propositum</span> <span class='ocrx_word' id='word_1_226' title='bbox 1441 1782 1476 1822; x_wconf 73' lang='lat' dir='ltr'>est</span> <span class='ocrx_word' id='word_1_227' title='bbox 1491 1781 1548 1821; x_wconf 65' lang='lat' dir='ltr'>desl-</span> 
     </span>
     <span class='ocr_line' id='line_1_28' title="bbox 159 1827 984 1866; baseline -0.002 -8"><span class='ocrx_word' id='word_1_228' title='bbox 159 1835 234 1858; x_wconf 78' lang='lat' dir='ltr'>ante</span> <span class='ocrx_word' id='word_1_229' title='bbox 249 1827 404 1865; x_wconf 87' lang='lat' dir='ltr'>porticum</span> <span class='ocrx_word' id='word_1_230' title='bbox 416 1827 579 1858; x_wconf 83' lang='lat' dir='ltr'>arboribus</span> <span class='ocrx_word' id='word_1_231' title='bbox 588 1828 625 1858; x_wconf 88' lang='lat' dir='ltr'>ad</span> <span class='ocrx_word' id='word_1_232' title='bbox 635 1827 835 1866; x_wconf 80' lang='lat' dir='ltr'>apricandurn</span> <span class='ocrx_word' id='word_1_233' title='bbox 873 1827 984 1857; x_wconf 80' lang='lat' dir='ltr'>cribere.</span> 
     </span>
    </p>
   </div>
   <div class='ocr_carea' id='block_1_5' title="bbox 160 1861 1551 1986">
    <p class='ocr_par' dir='ltr' id='par_1_16' title="bbox 160 1861 1551 1986">
     <span class='ocr_line' id='line_1_29' title="bbox 161 1861 1548 1899; baseline -0.004 -2"><span class='ocrx_word' id='word_1_234' title='bbox 161 1866 289 1897; x_wconf 85' lang='lat' dir='ltr'>consita.</span> <span class='ocrx_word' id='word_1_235' title='bbox 308 1867 358 1898; x_wconf 87' lang='lat' dir='ltr'>Sic</span> <span class='ocrx_word' id='word_1_236' title='bbox 371 1866 473 1898; x_wconf 89' lang='lat' dir='ltr'>Plinio</span> <span class='ocrx_word' id='word_1_237' title='bbox 490 1875 555 1897; x_wconf 86' lang='lat' dir='ltr'>erat</span> <span class='ocrx_word' id='word_1_238' title='bbox 571 1866 604 1896; x_wconf 90' lang='lat' dir='ltr'>in</span> <span class='ocrx_word' id='word_1_239' title='bbox 623 1866 676 1897; x_wconf 87' lang='lat' dir='ltr'>suo</span> <span class='ocrx_word' id='word_1_240' title='bbox 693 1868 835 1897; x_wconf 86' lang='lat' dir='ltr'>Lauren-</span> <span class='ocrx_word' id='word_1_241' title='bbox 915 1872 923 1893; x_wconf 81' lang='lat'><em>5</em></span> <span class='ocrx_word' id='word_1_242' title='bbox 947 1865 1052 1897; x_wconf 76' lang='lat' dir='ltr'>Jussus</span> <span class='ocrx_word' id='word_1_243' title='bbox 1076 1875 1150 1894; x_wconf 67' lang='lat' dir='ltr'>Enim</span> <span class='ocrx_word' id='word_1_244' title='bbox 1173 1864 1294 1894; x_wconf 60' lang='lat' dir='ltr'>Capi-ro</span> <span class='ocrx_word' id='word_1_245' title='bbox 1310 1864 1323 1899; x_wconf 92' lang='lat'>]</span> <span class='ocrx_word' id='word_1_246' title='bbox 1355 1862 1418 1892; x_wconf 91' lang='lat' dir='ltr'>Dio</span> <span class='ocrx_word' id='word_1_247' title='bbox 1432 1885 1441 1898; x_wconf 92' lang='lat'>‚</span> <span class='ocrx_word' id='word_1_248' title='bbox 1464 1861 1548 1891; x_wconf 84' lang='lat' dir='ltr'>LIX.</span> 
     </span>
     <span class='ocr_line' id='line_1_30' title="bbox 160 1900 1549 1946; baseline -0.005 -10"><span class='ocrx_word' id='word_1_249' title='bbox 160 1906 231 1937; x_wconf 68' lang='lat' dir='ltr'>tino</span> <span class='ocrx_word' id='word_1_250' title='bbox 252 1914 317 1934; x_wconf 78' lang='lat' dir='ltr'>anre</span> <span class='ocrx_word' id='word_1_251' title='bbox 332 1906 553 1946; x_wconf 72' lang='lat' dir='ltr'>cryptoporticum</span> <span class='ocrx_word' id='word_1_252' title='bbox 571 1905 661 1945; x_wconf 79' lang='lat' dir='ltr'>xystus</span> <span class='ocrx_word' id='word_1_253' title='bbox 674 1906 755 1936; x_wconf 77' lang='lat' dir='ltr'>violis</span> <span class='ocrx_word' id='word_1_254' title='bbox 771 1905 836 1936; x_wconf 78' lang='lat' dir='ltr'>odo·</span> <span class='ocrx_word' id='word_1_255' title='bbox 874 1916 939 1945; x_wconf 84' lang='lat' dir='ltr'>pag.</span> <span class='ocrx_word' id='word_1_256' title='bbox 956 1909 1026 1936; x_wconf 89' lang='lat'>660.</span> <span class='ocrx_word' id='word_1_257' title='bbox 1042 1903 1085 1934; x_wconf 87' lang='lat' dir='ltr'>ait</span> <span class='ocrx_word' id='word_1_258' title='bbox 1102 1903 1293 1941; x_wconf 81' lang='lat' dir='ltr'>Capitonem</span> <span class='ocrx_word' id='word_1_259' title='bbox 1308 1901 1396 1931; x_wconf 86' lang='lat' dir='ltr'>Cassii</span> <span class='ocrx_word' id='word_1_260' title='bbox 1408 1900 1549 1944; x_wconf 68' lang='lat' dir='ltr'>Betillini</span> 
     </span>
     <span class='ocr_line' id='line_1_31' title="bbox 161 1940 1551 1986; baseline -0.004 -13"><span class='ocrx_word' id='word_1_261' title='bbox 161 1953 250 1974; x_wconf 72' lang='lat' dir='ltr'>ratus.</span> <span class='ocrx_word' id='word_1_262' title='bbox 264 1944 341 1975; x_wconf 89' lang='lat' dir='ltr'>Plin.</span> <span class='ocrx_word' id='word_1_263' title='bbox 358 1947 411 1983; x_wconf 86' lang='lat' dir='ltr'>Ep.</span> <span class='ocrx_word' id='word_1_264' title='bbox 433 1947 462 1975; x_wconf 89' lang='grc' dir='ltr'>ΙΙ</span> <span class='ocrx_word' id='word_1_265' title='bbox 476 1969 484 1982; x_wconf 92' lang='grc'><em>,</em></span> <span class='ocrx_word' id='word_1_266' title='bbox 510 1956 556 1984; x_wconf 92' lang='lat'>17.</span> <span class='ocrx_word' id='word_1_267' title='bbox 873 1953 991 1984; x_wconf 85' lang='lat' dir='ltr'>patrem</span> <span class='ocrx_word' id='word_1_268' title='bbox 1010 1943 1120 1986; x_wconf 39' lang='lat' dir='ltr'>fuiss&#39;e..</span> <span class='ocrx_word' id='word_1_269' title='bbox 1132 1943 1230 1986; x_wconf 73' lang='lat' dir='ltr'>Hujus</span> <span class='ocrx_word' id='word_1_270' title='bbox 1243 1951 1368 1984; x_wconf 77' lang='lat' dir='ltr'>quoque</span> <span class='ocrx_word' id='word_1_271' title='bbox 1383 1940 1472 1970; x_wconf 78' lang='lat' dir='ltr'>caedis</span> <span class='ocrx_word' id='word_1_272' title='bbox 1494 1950 1551 1982; x_wconf 78' lang='lat' dir='ltr'>ge-</span> 
     </span>
    </p>
   </div>
   <div class='ocr_carea' id='block_1_6' title="bbox 159 1979 1552 2102">
    <p class='ocr_par' dir='ltr' id='par_1_17' title="bbox 159 1979 1552 2102">
     <span class='ocr_line' id='line_1_32' title="bbox 202 1979 1552 2018; baseline -0.005 -4"><span class='ocrx_word' id='word_1_273' title='bbox 202 1988 213 2001; x_wconf 86' lang='lat'><em>²</em></span> <span class='ocrx_word' id='word_1_274' title='bbox 236 1985 469 2014; x_wconf 69' lang='lat' dir='ltr'>MATERNORUM</span> <span class='ocrx_word' id='word_1_275' title='bbox 490 1989 697 2018; x_wconf 60' lang='lat' dir='ltr'>non-sonum]</span> <span class='ocrx_word' id='word_1_276' title='bbox 722 1985 837 2015; x_wconf 81' lang='lat' dir='ltr'>Horto-</span> <span class='ocrx_word' id='word_1_277' title='bbox 874 1984 1007 2014; x_wconf 79' lang='lat' dir='ltr'>nerat&#39;irn</span> <span class='ocrx_word' id='word_1_278' title='bbox 1028 1991 1174 2012; x_wconf 79' lang='lat' dir='ltr'>meminit</span> <span class='ocrx_word' id='word_1_279' title='bbox 1195 1983 1360 2011; x_wconf 81' lang='lat' dir='ltr'>Suetonius</span> <span class='ocrx_word' id='word_1_280' title='bbox 1391 1979 1424 2008; x_wconf 91' lang='lat' dir='ltr'>in</span> <span class='ocrx_word' id='word_1_281' title='bbox 1448 1979 1552 2015; x_wconf 82' lang='lat' dir='ltr'>Caio,</span> 
     </span>
     <span class='ocr_line' id='line_1_33' title="bbox 159 2018 1552 2062; baseline -0.006 -8"><span class='ocrx_word' id='word_1_282' title='bbox 159 2033 229 2054; x_wconf 77' lang='lat' dir='ltr'>rum</span> <span class='ocrx_word' id='word_1_283' title='bbox 247 2023 441 2062; x_wconf 75' lang='lat' dir='ltr'>Agrippinae,</span> <span class='ocrx_word' id='word_1_284' title='bbox 457 2023 510 2062; x_wconf 89' lang='lat' dir='ltr'>qui</span> <span class='ocrx_word' id='word_1_285' title='bbox 525 2032 611 2054; x_wconf 83' lang='lat' dir='ltr'>erant</span> <span class='ocrx_word' id='word_1_286' title='bbox 624 2024 657 2053; x_wconf 91' lang='lat' dir='ltr'>in</span> <span class='ocrx_word' id='word_1_287' title='bbox 672 2024 837 2060; x_wconf 82' lang='lat' dir='ltr'>Vaticano,</span> <span class='ocrx_word' id='word_1_288' title='bbox 875 2025 1001 2054; x_wconf 80' lang='lat' dir='ltr'><strong>XXVII.</strong></span> <span class='ocrx_word' id='word_1_289' title='bbox 1026 2021 1160 2051; x_wconf 63' lang='lat' dir='ltr'>Parentes</span> <span class='ocrx_word' id='word_1_290' title='bbox 1173 2019 1308 2060; x_wconf 70' lang='lat' dir='ltr'>supplicio</span> <span class='ocrx_word' id='word_1_291' title='bbox 1333 2018 1457 2058; x_wconf 74' lang='lat' dir='ltr'>filiorum</span> <span class='ocrx_word' id='word_1_292' title='bbox 1474 2018 1552 2047; x_wconf 75' lang='lat' dir='ltr'>inte—-</span> 
     </span>
     <span class='ocr_line' id='line_1_34' title="bbox 160 2060 1079 2102; baseline -0.004 -9"><span class='ocrx_word' id='word_1_293' title='bbox 160 2073 257 2102; x_wconf 82' lang='lat' dir='ltr'>prope</span> <span class='ocrx_word' id='word_1_294' title='bbox 273 2062 370 2100; x_wconf 80' lang='lat' dir='ltr'>ripam</span> <span class='ocrx_word' id='word_1_295' title='bbox 385 2062 508 2092; x_wconf 89' lang='lat' dir='ltr'>Tiberis</span> <span class='ocrx_word' id='word_1_296' title='bbox 522 2086 530 2097; x_wconf 86' lang='lat'><strong>‚</strong></span> <span class='ocrx_word' id='word_1_297' title='bbox 557 2071 590 2093; x_wconf 86' lang='lat' dir='ltr'>ut</span> <span class='ocrx_word' id='word_1_298' title='bbox 612 2063 706 2093; x_wconf 89' lang='lat' dir='ltr'>docet</span> <span class='ocrx_word' id='word_1_299' title='bbox 726 2063 836 2094; x_wconf 83' lang='lat' dir='ltr'>Dona-</span> <span class='ocrx_word' id='word_1_300' title='bbox 874 2062 935 2101; x_wconf 72' lang='lat' dir='ltr'>reffiz</span> <span class='ocrx_word' id='word_1_301' title='bbox 957 2060 1079 2100; x_wconf 71' lang='lat' dir='ltr'>cogebar.</span> 
     </span>
    </p>
   </div>
   <div class='ocr_carea' id='block_1_7' title="bbox 159 2098 1551 2216">
    <p class='ocr_par' dir='ltr' id='par_1_18' title="bbox 159 2098 1551 2216">
     <span class='ocr_line' id='line_1_35' title="bbox 159 2098 1550 2139; baseline -0.005 -6"><span class='ocrx_word' id='word_1_302' title='bbox 159 2110 209 2133; x_wconf 65' lang='lat' dir='ltr'>tus</span> <span class='ocrx_word' id='word_1_303' title='bbox 223 2126 231 2138; x_wconf 86' lang='lat'>,</span> <span class='ocrx_word' id='word_1_304' title='bbox 249 2101 280 2130; x_wconf 73' lang='lat' dir='ltr'>de</span> <span class='ocrx_word' id='word_1_305' title='bbox 293 2101 363 2131; x_wconf 80' lang='lat' dir='ltr'>Urbe</span> <span class='ocrx_word' id='word_1_306' title='bbox 380 2101 464 2129; x_wconf 57' lang='lat' dir='ltr'>Roma</span> <span class='ocrx_word' id='word_1_307' title='bbox 480 2125 488 2137; x_wconf 96' lang='lat'>‚</span> <span class='ocrx_word' id='word_1_308' title='bbox 513 2103 555 2131; x_wconf 83' lang='lat'>111</span> <span class='ocrx_word' id='word_1_309' title='bbox 573 2125 583 2138; x_wconf 91' lang='lat'>‚</span> <span class='ocrx_word' id='word_1_310' title='bbox 601 2112 650 2139; x_wconf 83' lang='lat'>23.</span> <span class='ocrx_word' id='word_1_311' title='bbox 914 2103 926 2120; x_wconf 90' lang='lat'><strong><em>⁶</em></strong></span> <span class='ocrx_word' id='word_1_312' title='bbox 958 2102 1110 2130; x_wconf 74' lang='lat' dir='ltr'>limitum</span> <span class='ocrx_word' id='word_1_313' title='bbox 1144 2107 1308 2130; x_wconf 73' lang='lat' dir='ltr'>PROFESSUS</span> <span class='ocrx_word' id='word_1_314' title='bbox 1327 2098 1342 2134; x_wconf 94' lang='lat'>]</span> <span class='ocrx_word' id='word_1_315' title='bbox 1380 2098 1517 2128; x_wconf 82' lang='lat' dir='ltr'>Zonaras</span> <span class='ocrx_word' id='word_1_316' title='bbox 1539 2104 1550 2133; x_wconf 83' lang='lat'>‚&#39;</span> 
     </span>
     <span class='ocr_line' id='line_1_36' title="bbox 204 2141 1182 2178; baseline -0.001 -8"><span class='ocrx_word' id='word_1_317' title='bbox 204 2147 213 2167; x_wconf 81' lang='lat'>3</span> <span class='ocrx_word' id='word_1_318' title='bbox 238 2142 284 2171; x_wconf 78' lang='lat' dir='ltr'>Ax&gt;</span> <span class='ocrx_word' id='word_1_319' title='bbox 307 2152 475 2171; x_wconf 75' lang='lat' dir='ltr'><strong>LUCERNAM</strong></span> <span class='ocrx_word' id='word_1_320' title='bbox 492 2142 712 2178; x_wconf 79' lang='lat' dir='ltr'>DECOLi-AVIT]</span> <span class='ocrx_word' id='word_1_321' title='bbox 731 2142 838 2171; x_wconf 85' lang='lat' dir='ltr'>Senec.</span> <span class='ocrx_word' id='word_1_322' title='bbox 876 2141 1009 2170; x_wconf 88' lang='lat' dir='ltr'>Tom.1.</span> <span class='ocrx_word' id='word_1_323' title='bbox 1028 2149 1097 2178; x_wconf 81' lang='lat' dir='ltr'>pag.</span> <span class='ocrx_word' id='word_1_324' title='bbox 1113 2148 1182 2178; x_wconf 90' lang='lat'>557.</span> 
     </span>
     <span class='ocr_line' id='line_1_37' title="bbox 163 2175 1551 2216; baseline -0.004 -6"><span class='ocrx_word' id='word_1_325' title='bbox 163 2182 225 2211; x_wconf 89' lang='lat' dir='ltr'>loc.</span> <span class='ocrx_word' id='word_1_326' title='bbox 244 2181 297 2210; x_wconf 79' lang='lat' dir='ltr'>cit.</span> <span class='ocrx_word' id='word_1_327' title='bbox 916 2185 927 2204; x_wconf 86' lang='lat'>7</span> <span class='ocrx_word' id='word_1_328' title='bbox 951 2180 1157 2213; x_wconf 64' lang='lat' dir='ltr'>CALUSTUM]</span> <span class='ocrx_word' id='word_1_329' title='bbox 1179 2179 1226 2208; x_wconf 85' lang='lat' dir='ltr'>De</span> <span class='ocrx_word' id='word_1_330' title='bbox 1239 2188 1303 2216; x_wconf 90' lang='lat' dir='ltr'>quo</span> <span class='ocrx_word' id='word_1_331' title='bbox 1329 2175 1463 2206; x_wconf 86' lang='lat' dir='ltr'>diximus</span> <span class='ocrx_word' id='word_1_332' title='bbox 1482 2178 1551 2205; x_wconf 88' lang='lat' dir='ltr'>An-</span> 
     </span>
    </p>
   </div>
   <div class='ocr_carea' id='block_1_8' title="bbox 164 2218 1551 2415">
    <p class='ocr_par' dir='ltr' id='par_1_19' title="bbox 164 2218 1105 2260">
     <span class='ocr_line' id='line_1_38' title="bbox 164 2218 1105 2260; baseline -0.003 -10"><span class='ocrx_word' id='word_1_333' title='bbox 164 2258 166 2260; x_wconf 14' lang='lat'>*</span> <span class='ocrx_word' id='word_1_334' title='bbox 201 2225 216 2243; x_wconf 84' lang='lat'>4</span> <span class='ocrx_word' id='word_1_335' title='bbox 237 2221 419 2254; x_wconf 60' lang='lat' dir='ltr'>Commu]</span> <span class='ocrx_word' id='word_1_336' title='bbox 446 2221 553 2249; x_wconf 85' lang='lat' dir='ltr'>Senec.</span> <span class='ocrx_word' id='word_1_337' title='bbox 568 2219 607 2249; x_wconf 87' lang='lat' dir='ltr'>de</span> <span class='ocrx_word' id='word_1_338' title='bbox 619 2218 666 2248; x_wconf 72' lang='lat' dir='ltr'>Ira</span> <span class='ocrx_word' id='word_1_339' title='bbox 679 2242 688 2255; x_wconf 92' lang='lat'>‚</span> <span class='ocrx_word' id='word_1_340' title='bbox 708 2219 770 2254; x_wconf 81' lang='lat'>111,</span> <span class='ocrx_word' id='word_1_341' title='bbox 789 2229 838 2248; x_wconf 92' lang='lat'>20.</span> <span class='ocrx_word' id='word_1_342' title='bbox 876 2219 942 2249; x_wconf 85' lang='lat' dir='ltr'>nal.</span> <span class='ocrx_word' id='word_1_343' title='bbox 964 2220 1007 2248; x_wconf 85' lang='lat' dir='ltr'>Xl</span> <span class='ocrx_word' id='word_1_344' title='bbox 1023 2240 1032 2253; x_wconf 93' lang='lat'>,</span> <span class='ocrx_word' id='word_1_345' title='bbox 1056 2220 1105 2255; x_wconf 83' lang='lat'>38.</span> 
     </span>
    </p>

    <p class='ocr_par' dir='ltr' id='par_1_20' title="bbox 164 2254 1551 2415">
     <span class='ocr_line' id='line_1_39' title="bbox 165 2254 1550 2297; baseline -0.004 -9"><span class='ocrx_word' id='word_1_346' title='bbox 165 2258 293 2295; x_wconf 73' lang='lat' dir='ltr'>Adjicere</span> <span class='ocrx_word' id='word_1_347' title='bbox 316 2258 358 2287; x_wconf 72' lang='lat' dir='ltr'>his</span> <span class='ocrx_word' id='word_1_348' title='bbox 382 2258 423 2287; x_wconf 75' lang='lat' dir='ltr'>lon</span> <span class='ocrx_word' id='word_1_349' title='bbox 448 2269 490 2287; x_wconf 83' lang='lat' dir='ltr'>um</span> <span class='ocrx_word' id='word_1_350' title='bbox 510 2258 565 2297; x_wconf 84' lang='lat' dir='ltr'>est,</span> <span class='ocrx_word' id='word_1_351' title='bbox 584 2257 651 2296; x_wconf 74' lang='lat' dir='ltr'>quod</span> <span class='ocrx_word' id='word_1_352' title='bbox 670 2267 761 2294; x_wconf 76' lang='lat' dir='ltr'>patres</span> <span class='ocrx_word' id='word_1_353' title='bbox 773 2268 839 2296; x_wconf 84' lang='lat' dir='ltr'>quo-</span> <span class='ocrx_word' id='word_1_354' title='bbox 916 2258 926 2277; x_wconf 77' lang='lat'>⁸</span> <span class='ocrx_word' id='word_1_355' title='bbox 951 2259 1127 2289; x_wconf 70' lang='lat' dir='ltr'>CERVICEM</span> <span class='ocrx_word' id='word_1_356' title='bbox 1150 2261 1159 2290; x_wconf 93' lang='lat'>]</span> <span class='ocrx_word' id='word_1_357' title='bbox 1186 2255 1304 2287; x_wconf 87' lang='lat' dir='ltr'>Haec&amp;</span> <span class='ocrx_word' id='word_1_358' title='bbox 1320 2255 1401 2294; x_wconf 85' lang='lat' dir='ltr'>seqq.</span> <span class='ocrx_word' id='word_1_359' title='bbox 1415 2254 1550 2285; x_wconf 80' lang='lat' dir='ltr'>totidem</span> 
     </span>
     <span class='ocr_line' id='line_1_40' title="bbox 164 2269 1551 2336; baseline -0.004 -10"><span class='ocrx_word' id='word_1_360' title='bbox 164 2307 215 2335; x_wconf 77' lang='lat' dir='ltr'>que</span> <span class='ocrx_word' id='word_1_361' title='bbox 234 2299 372 2336; x_wconf 77' lang='lat' dir='ltr'>occisorum</span> <span class='ocrx_word' id='word_1_362' title='bbox 385 2269 477 2326; x_wconf 54' lang='grc' dir='ltr'><em>εάέενη</em></span> <span class='ocrx_word' id='word_1_363' title='bbox 490 2297 563 2326; x_wconf 73' lang='grc' dir='ltr'>ηοέἷε</span> <span class='ocrx_word' id='word_1_364' title='bbox 576 2321 586 2334; x_wconf 84' lang='grc'>,</span> <span class='ocrx_word' id='word_1_365' title='bbox 605 2296 713 2336; x_wconf 80' lang='lat' dir='ltr'>dimiffis</span> <span class='ocrx_word' id='word_1_366' title='bbox 727 2307 775 2334; x_wconf 80' lang='lat' dir='ltr'>per</span> <span class='ocrx_word' id='word_1_367' title='bbox 793 2296 841 2325; x_wconf 73' lang='lat' dir='ltr'>do-</span> <span class='ocrx_word' id='word_1_368' title='bbox 877 2296 974 2327; x_wconf 87' lang='lat' dir='ltr'>ferme</span> <span class='ocrx_word' id='word_1_369' title='bbox 1007 2295 1110 2325; x_wconf 86' lang='lat' dir='ltr'>verbis</span> <span class='ocrx_word' id='word_1_370' title='bbox 1141 2298 1257 2326; x_wconf 83' lang='lat' dir='ltr'>Seneca</span> <span class='ocrx_word' id='word_1_371' title='bbox 1275 2319 1284 2331; x_wconf 85' lang='lat'>,</span> <span class='ocrx_word' id='word_1_372' title='bbox 1326 2295 1363 2324; x_wconf 80' lang='lat' dir='ltr'>de</span> <span class='ocrx_word' id='word_1_373' title='bbox 1388 2294 1434 2324; x_wconf 67' lang='lat' dir='ltr'>Ira</span> <span class='ocrx_word' id='word_1_374' title='bbox 1447 2318 1456 2330; x_wconf 86' lang='lat'>‚</span> <span class='ocrx_word' id='word_1_375' title='bbox 1480 2294 1519 2322; x_wconf 79' lang='grc' dir='ltr'>ΠΙ</span> <span class='ocrx_word' id='word_1_376' title='bbox 1539 2314 1551 2328; x_wconf 62' lang='lat' dir='ltr'>s·</span> 
     </span>
     <span class='ocr_line' id='line_1_41' title="bbox 167 2332 1550 2375; baseline -0.001 -11"><span class='ocrx_word' id='word_1_377' title='bbox 167 2346 224 2364; x_wconf 81' lang='lat' dir='ltr'>mos</span> <span class='ocrx_word' id='word_1_378' title='bbox 240 2337 439 2366; x_wconf 74' lang='lat' dir='ltr'>centurionibus</span> <span class='ocrx_word' id='word_1_379' title='bbox 452 2360 460 2373; x_wconf 88' lang='lat'>‚</span> <span class='ocrx_word' id='word_1_380' title='bbox 477 2336 591 2373; x_wconf 75' lang='lat' dir='ltr'>confecit</span> <span class='ocrx_word' id='word_1_381' title='bbox 607 2349 616 2365; x_wconf 86' lang='lat'>.·</span> <span class='ocrx_word' id='word_1_382' title='bbox 636 2335 663 2365; x_wconf 81' lang='lat' dir='ltr'>id</span> <span class='ocrx_word' id='word_1_383' title='bbox 679 2336 714 2375; x_wconf 74' lang='lat' dir='ltr'>est</span> <span class='ocrx_word' id='word_1_384' title='bbox 729 2360 738 2372; x_wconf 90' lang='lat'>,</span> <span class='ocrx_word' id='word_1_385' title='bbox 767 2336 840 2365; x_wconf 81' lang='lat' dir='ltr'><em>homo</em></span> <span class='ocrx_word' id='word_1_386' title='bbox 882 2347 926 2372; x_wconf 85' lang='lat'>¹9-</span> <span class='ocrx_word' id='word_1_387' title='bbox 956 2335 1010 2366; x_wconf 87' lang='lat' dir='ltr'>ubi</span> <span class='ocrx_word' id='word_1_388' title='bbox 1036 2335 1180 2368; x_wconf 75' lang='lat' dir='ltr'>adversus</span> <span class='ocrx_word' id='word_1_389' title='bbox 1203 2335 1273 2367; x_wconf 79' lang='lat' dir='ltr'>Caii</span> <span class='ocrx_word' id='word_1_390' title='bbox 1299 2333 1448 2366; x_wconf 76' lang='lat' dir='ltr'>ferociam</span> <span class='ocrx_word' id='word_1_391' title='bbox 1467 2332 1550 2364; x_wconf 75' lang='lat' dir='ltr'>acri-</span> 
     </span>
     <span class='ocr_line' id='line_1_42' title="bbox 169 2375 1079 2415; baseline 0.005 -11"><span class='ocrx_word' id='word_1_392' title='bbox 169 2375 317 2415; x_wconf 76' lang='lat' dir='ltr'>misericors</span> <span class='ocrx_word' id='word_1_393' title='bbox 334 2375 403 2407; x_wconf 73' lang='grc' dir='ltr'>Ζιιόἰιι</span> <span class='ocrx_word' id='word_1_394' title='bbox 429 2375 567 2411; x_wconf 70' lang='lat' dir='ltr'>liberavit.</span> <span class='ocrx_word' id='word_1_395' title='bbox 598 2376 666 2409; x_wconf 76' lang='lat' dir='ltr'>Non</span> <span class='ocrx_word' id='word_1_396' title='bbox 688 2376 760 2407; x_wconf 83' lang='lat' dir='ltr'>enim</span> <span class='ocrx_word' id='word_1_397' title='bbox 776 2375 840 2408; x_wconf 73' lang='lat' dir='ltr'>Caii</span> <span class='ocrx_word' id='word_1_398' title='bbox 879 2384 925 2409; x_wconf 80' lang='lat' dir='ltr'>ter</span> <span class='ocrx_word' id='word_1_399' title='bbox 945 2375 1079 2409; x_wconf 75' lang='lat' dir='ltr'>intonat.</span> 
     </span>
    </p>
   </div>
  </div>
 </body>
</html>
