1952 2708
410 176 744 220 DIALOGUS
779 174 863 215 DE
899 176 1332 222 ORATORIBUS.
1486 194 1566 231 133

183 260 291 309 mei,
320 273 395 299 nec
419 256 603 299 consulat
634 262 644 278 ¹
675 255 882 309 quisquam
898 284 909 304 ‚
939 271 1017 295 nec
1041 271 1171 311 roget.

247 322 375 362 XIV.
410 322 504 362 Vix
532 320 627 361 dum
656 320 810 358 finierat
842 319 1081 370 Maternus,
1119 321 1344 363 concitatus
1381 327 1422 365 8(
1459 322 1573 366 velut

183 386 386 425 instincffus
414 388 457 435 ²,
486 386 576 425 cum
609 385 659 423 V
656 381 845 434 z'pstaszius
880 379 1054 433 Meffizla
1086 386 1096 408 ³
1128 382 1362 424 cubiculum
1396 386 1478 435 ejus
1511 389 1573 428 in-

183 448 330 503 gressus
357 448 410 488 est
426 477 438 497 ‚
467 445 764 502 suspicatusque
786 459 835 485 ex
858 444 940 500 ipsa
966 445 1192 486 intentione
1218 446 1462 501 singulorum
1478 479 1490 498 ‚
1520 450 1573 490 al-

135 530 160 569 5
184 513 328 551 tiorem
355 513 458 551 inter
485 525 552 551 eos
581 510 656 550 effe
684 509 907 549 sermonem
934 525 941 547 :
974 509 1088 548 Num
1113 523 1253 563 parum
1281 513 1537 566 tempestivus
1557 541 1572 564 ,

135 573 138 575 ’
183 575 314 628 inquit
341 604 353 624 ‚
410 574 608 614 interveni
628 602 642 622 ,
680 572 877 612 secretum
917 570 1128 611 confilium
1159 576 1200 612 ὅ(
1239 573 1362 613 causae
1404 574 1573 627 alicujus

184 638 491 678 meditationem
517 634 772 676 tranantibus
802 637 815 673 ἒ
853 635 1028 674 Minime
1048 663 1062 684 ,
1089 635 1254 675 minime.
1283 665 1296 685 ,
1338 637 1467 690 inquit
1499 638 1571 676 Se-

187 703 336 739 cundus
350 716 368 749 ,-
398 713 515 755 atque
549 700 648 740 adeo
682 697 830 738 vellem
867 699 1056 738 maturius
1098 699 1369 740 intervenisses
1399 716 1407 739 :
1438 699 1575 741 delec-¹

184 763 297 804 taffet
320 765 427 803 enim
457 776 496 802 te
520 767 558 803 ὅ(
582 763 682 818 Apri
706 762 825 801 nostri
852 760 1161 802 accuratissimus
1185 761 1313 803 sermo
1329 791 1342 812 ‚
1370 765 1461 803 cum
1481 764 1575 804 Ma-

101 844 162 871 210
185 840 370 877 ternum,
395 839 440 866 ut
467 841 587 866 omne
610 826 818 880 ingenium
845 840 890 866 ac
912 825 1082 865 studium
1100 825 1213 865 suum
1234 825 1282 866 ad
1302 826 1436 866 causas
1459 841 1578 880 agen=

186 890 253 931 das
281 903 535 931 converteret
549 920 562 939 ‚
588 890 820 929 exhortatus
844 889 897 928 est
913 918 926 939 ‚
955 892 995 928 ὅ(
1026 889 1201 929 Materni
1226 903 1298 944 pro
1329 889 1575 931 carminibus

186 952 264 994 suis
289 952 401 1004 laeta,
429 966 551 1007 utque
579 966 716 1008 poetas
744 951 906 992 defendi
928 950 1124 1002 decebat,
1156 951 1392 1004 audentior,
1421 957 1461 993 ἃ
1483 967 1576 1008 poe-

187 1030 317 1057 tarum
350 1015 467 1070 quam
502 1030 707 1057 oratorum
739 1013 903 1055 similior
934 1016 1076 1056 oratio.
1125 1013 1198 1054 Me
1220 1018 1316 1056 vero
1348 1045 1360 1065 ‚
1403 1017 1532 1069 inquit
1561 1045 1576 1066 9

186 1084 227 1120 ὃς
246 1080 372 1121 sermo
390 1079 472 1135 ipse
493 1078 646 1119 infinita
664 1078 872 1134 voluptate
892 1078 1095 1119 adfecisset
1110 1107 1124 1128 ,
1151 1092 1269 1133 atque
1295 1079 1335 1119 id
1355 1079 1483 1134 ipsum
1507 1079 1576 1119 de-

110 1160 159 1200 ¹5
187 1141 333 1193 leem,
363 1143 470 1196 quod
495 1158 567 1183 vos
595 1143 669 1182 viri
701 1143 845 1197 optimi
870 1145 910 1181 ὅ(
934 1154 1160 1197 temporum
1188 1143 1411 1182 nostrorum
1439 1157 1576 1183 orato-

185 1221 275 1256 res,
302 1222 385 1247 non
408 1205 626 1246 forensibus
650 1207 803 1245 tantum
833 1205 1033 1258 negotiis,
1060 1209 1101 1245 &
1129 1203 1419 1245 declamatorio
1447 1205 1577 1246 studio

186 1270 349 1323 ingenia
370 1270 494 1309 vestra
513 1269 729 1316 exercetis,
752 1267 818 1306 sed
838 1265 1036 1317 ejusmodi
1059 1269 1178 1306 etiam
1202 1268 1491 1322 disputationes
1513 1268 1576 1309 ad«

185 1329 351 1387 jungitis
370 1361 382 1381 ‚
409 1346 491 1385 quae
513 1335 552 1371 ὃ(
580 1331 787 1385 ingenium
813 1328 952 1380 alunt,
983 1333 1022 1369 ὅ(
1048 1330 1283 1370 eruditionis
1308 1335 1347 1370 ὅ(
1370 1330 1575 1372 literarum

185 1393 509 1447 jucundiffimum
543 1393 908 1443 oblectamentum,
940 1395 1031 1434 cum
1058 1391 1172 1433 vobis
1199 1395 1267 1447 qui
1298 1391 1368 1434 illa
1395 1393 1570 1449 disputa-

104 1474 162 1501 20
187 1459 236 1498 tis
252 1488 265 1508 ‚
294 1458 502 1508 adferunt,
528 1470 613 1498 tum
640 1458 759 1497 etiam
785 1457 845 1496 his
862 1486 874 1506 ‚
903 1456 951 1496 ad
982 1471 1150 1510 quorum
1175 1471 1285 1497 aures
1308 1459 1579 1512 pervenerint,

186 1521 325 1574 Itaque
341 1519 506 1562 hercule
521 1535 604 1561 non
624 1522 752 1561 minus
768 1519 925 1575 probari
939 1520 1058 1560 video
1075 1521 1115 1560 in
1135 1533 1175 1559 te
1190 1549 1203 1569 ‚
1222 1520 1408 1560 Secunde
1425 1550 1437 1570 ‚
1467 1520 1578 1574 quod

185 1584 285 1628 Julii
301 1584 463 1624 Asiatici
481 1589 498 1612 4
514 1585 638 1624 vitam
655 1582 960 1639 componendo,
978 1583 1087 1638 spem
1102 1582 1331 1623 hominibus
1345 1583 1470 1623 fecisti
1484 1583 1576 1639 plu-

187 1648 291 1686 rium
306 1645 501 1699 ejusmodi
515 1644 856 1700 librorum,quam
872 1647 912 1685 in
926 1646 1039 1701 Apro
1054 1651 1084 1696 5,
1102 1646 1210 1700 quod
1223 1645 1401 1686 nondum
1419 1662 1439 1687 a
1457 1647 1578 1687 scho-

188 1708 331 1751 lasticis
348 1709 652 1751 co11tr0verfiis⁶
668 1709 820 1750 receffit
835 1723 846 1755 ;
864 1713 904 1749 ὃ(
923 1711 1050 1750 otium
1070 1708 1183 1749 suum
1197 1707 1352 1750 mavult
1376 1723 1575 1751 novorum

107 1791 132 1816 2
141 1788 161 1828 5
189 1775 395 1815 rhetorum
417 1787 553 1825 more,
570 1772 687 1828 quam
709 1787 891 1816 veterum
917 1786 1123 1814 oratorum
1140 1778 1154 1800 ⁷
1168 1802 1182 1825 ,
1200 1772 1448 1814 consumere.

230 1920 239 1934 ¹
263 1914 331 1945 Nrc
349 1919 527 1951 cousum‘r]
553 1917 634 1946 Chm
657 1915 718 1954 ipsa
737 1924 863 1945 reorum
944 1921 953 1942 ἱ
990 1917 1090 1953 QUAM
1118 1926 1148 1944 m
1170 1914 1256 1943 Arno
1279 1917 1291 1947 ]
1323 1913 1370 1943 CI.
1397 1912 1541 1943 Morabin
1567 1921 1578 1951 ⁴,

190 1954 342 1984 memoria
355 1955 430 1993 saepe
445 1956 660 1992 damnaretur,
674 1955 756 1985 tituli
771 1978 779 1991 ,
790 1955 865 1984 ima—
904 1955 1042 1985 Gallicus
1061 1954 1185 1991 hujusce
1202 1953 1319 1992 dialogi
1338 1953 1503 1990 interpres,
1518 1963 1578 1983 vo*

191 1994 472 2033 gines‚ceteraque
485 1994 642 2025 honorum
658 2002 864 2025 monumenta
905 1995 1006 2025 culam
1027 1994 1145 2033 supplet
1163 2016 1171 2029 ‚
1213 1994 1291 2030 quim
1318 1992 1346 2020 in
1367 1991 1440 2027 Apro
1461 2001 1578 2029 parum,

190 2033 407 2065 abolerentur,
425 2034 667 2064 consulebantur
683 2042 767 2064 vates
782 2056 790 2069 ,
811 2042 843 2063 ut
856 2056 864 2069 ‚
904 2034 989 2071 quod,
1002 2035 1065 2064 &0
1084 2034 1249 2071 Vulgatam
1267 2030 1445 2069 scripturam
1464 2031 1578 2061 retinet

189 2072 267 2110 quid
285 2072 356 2101 effer
382 2071 557 2102 timendum
577 2073 734 2103 audiretur
750 2083 757 2102 2
772 2082 864 2110 roga-
906 2073 956 2103 Cl.
977 2074 1014 2102 de
1036 2073 1063 2101 la
1083 2073 1247 2109 Monnoye
1263 2093 1271 2103 ‚
1300 2070 1350 2100 sed
1374 2070 1435 2100 haec
1456 2070 1578 2101 ironice

190 2112 303 2142 bantur
314 2111 468 2149 Principes
482 2135 490 2148 ,
507 2122 545 2141 ne
557 2114 677 2141 tantum
694 2111 844 2141 saevirent.
907 2112 984 2141 dicia
1014 2110 1100 2141 fuiffe
1122 2109 1287 2141 contendit
1317 2120 1325 2139 z
1358 2109 1443 2149 quod
1474 2110 1579 2140 verius

232 2155 243 2169 ²
268 2151 466 2188 lnsrmcws]
488 2152 652 2180 Poetarum
666 2150 705 2180 est
726 2150 783 2180 effe
806 2149 866 2179 ins·
906 2159 993 2190 puto.

192 2189 326 2225 tinfios,
347 2190 381 2219 &
402 2189 481 2227 quasi
497 2190 606 2220 divino
620 2189 726 2228 spiritu
737 2188 865 2218 afflatos.
946 2192 958 2209 ⁶
980 2191 1203 2220 Senoms'rrcis
1230 2189 1579 2225 CONTROVERSI1S]Ha-=

232 2234 241 2254 3
267 2231 453 2259 ViPSTAi-:ms
480 2230 647 2265 Massxm]
672 2230 737 2258 Jam
750 2237 867 2257 memo·
907 2239 973 2259 rum
983 2228 1263 2259 controversatum
1277 2227 1419 2265 exempla
1430 2227 1578 2257 habemus·

191 2275 271 2298 ratus
292 2268 377 2306 supra
395 2267 466 2297 Hist.
492 2269 533 2297 ΙΙΙ
548 2291 556 2304 ,
584 2278 628 2296 10.
646 2269 678 2298 ὃς
701 2269 763 2302 lv,
785 2278 834 2303 42.
907 2269 938 2297 in
954 2270 1076 2298 Senecae
1104 2269 1137 2299 8<
1161 2266 1350 2305 Quintiliani
1375 2266 1579 2298 declamatioa

233 2312 248 2329 4
268 2308 349 2336 JUL11
370 2308 514 2337 ΑειΑτιςῐ
535 2309 547 2344 J
582 2310 608 2336 Is
639 2306 715 2336 mihi
743 2306 868 2336 videtur
906 2308 1006 2337 nibus.

194 2344 251 2387 esse
268 2345 430 2381 Asiaticus,
451 2346 622 2376 Galliarum
641 2346 720 2381 dux,
744 2345 796 2384 qui
812 2355 866 2383 pro
945 2353 956 2372 7
989 2350 1147 2377 Vgrnnum
1177 2357 1353 2377 ommium
1369 2351 1380 2381 ]
1404 2347 1427 2376 E
1443 2353 1577 2384 quorum

194 2384 328 2426 Vindice
346 2385 514 2417 bellaverat
535 2397 545 2426 ·‚
568 2394 601 2418 ut
621 2385 756 2417 vidimus
782 2384 867 2424 supra
907 2386 992 2416 libris
1007 2394 1135 2416 manent
1157 2396 1246 2416 aurea
1260 2386 1422 2417 Ciceronis
1434 2383 1579 2417 Philoso-

193 2422 326 2462 Hist.11,
351 2434 402 2463 94.
907 2425 995 2465 phica
1017 2436 1109 2465 opera
1125 2434 1217 2465 atque
1235 2425 1382 2457 oratoria,
