1952 2708
335 156 389 194 28
588 151 635 190 C.
701 143 1106 189 CORNELII
1169 145 1479 190 TACITI

333 245 406 273 nus
423 260 434 281 ,
464 242 580 282 atque
607 229 789 284 ignotum
830 244 935 270 mare
963 235 973 251 ¹
1003 229 1147 284 gignit.
1168 231 1262 271 Nec
1291 229 1389 271 alius
1416 231 1574 272 feminis
1601 229 1719 286 quam

332 296 426 335 viris
450 291 631 342 habitus,
659 293 730 331 nisi
756 293 864 347 quod
891 292 1047 333 feminae
1068 293 1204 349 saepius
1227 293 1342 333 lineis
1370 294 1574 335 amiclibus
1604 299 1618 315 ²
1647 311 1718 337 ve-

331 357 491 406 lantur,
519 355 664 408 eosque
694 355 866 412 purpura
894 361 904 384 ³
935 357 1117 405 variant,
1150 370 1382 412 partemque
1410 359 1569 397 vestitus
1604 359 1718 414 supe-

328 419 443 460 rioris
466 419 507 458 in
531 420 706 460 manicas
726 435 807 460 non
830 420 1075 469 extendunt,
1099 419 1211 459 nudae
1234 419 1396 460 brachia
1418 435 1464 461 ac
1488 420 1718 461 lacertos4:

329 482 398 522 sed
423 485 461 522 &
484 483 666 537 proxima
695 498 781 539 pars
808 485 976 538 pecloris
999 496 1120 538 patet.

394 544 574 586 XVIII.
611 547 913 601 QUAMQUAM
938 547 1074 587 severa
1096 546 1182 587 illic
1206 547 1462 588 matrimonia
1490 551 1527 587 5:
1557 562 1632 589 nec
1655 545 1718 588 ul-

329 608 411 649 lam
439 623 592 649 morum
616 624 770 665 partem
796 611 921 665 magis
947 609 1168 650 laudaveris
1194 609 1235 650 6:
1259 627 1351 651 nam
1375 611 1500 666 prope
1527 610 1602 650 soli
1626 611 1719 651 bar-

329 671 516 714 batorum
537 677 550 699 ⁷
571 672 733 727 singulis
752 673 942 714 uxoribus
964 675 1147 714 contenti
1165 673 1277 723 sunt,
1298 675 1478 729 exceptis
1498 674 1717 715 admodum

327 737 465 791 paucis
481 766 493 785 ,
519 737 586 790 qui
612 751 693 777 non
717 736 909 786 libidine,
938 736 1004 777 sed
1027 736 1078 777 ob
1101 735 1355 778 nobilitatem
1376 734 1390 758 ⁸
1413 736 1593 792 plurimis
1615 753 1717 793 nup-

327 800 393 840 tiis
421 799 661 840 ambiuntur.
684 800 837 842 Dotem
865 815 947 840 non
967 814 1070 840 uxor
1088 801 1231 840 marito
1255 805 1271 827 9
1287 831 1299 850 ,
1327 800 1393 840 sed
1413 803 1529 841 uxori
1553 802 1715 842 maritus

326 862 458 903 offert.
484 863 684 903 Intersunt
708 877 888 920 parentes
917 867 957 904 ὅ(
986 865 1227 919 propinqui,
1255 879 1303 904 ac
1328 878 1492 904 munera
1516 864 1713 920 probant:

325 940 492 967 munera
520 941 601 966 non
628 926 676 967 ad
705 927 868 968 delicias
897 925 1109 967 muliebres
1137 927 1316 980 quaefita,
1344 942 1419 968 nec
1443 927 1584 980 quibus
1609 943 1715 969 nova

326 1002 451 1044 nupta
477 1002 685 1035 comatur;
710 990 778 1031 sed
809 990 959 1039 boves,
988 994 1028 1029 ὅ(
1057 990 1255 1030 frenatum
1279 1005 1426 1043 equum
1443 1020 1454 1039 ‚
1486 994 1526 1030 &
1554 991 1713 1031 scutum

326 1066 420 1093 cum
434 1052 581 1093 framea
590 1082 602 1102 ‚
617 1051 844 1107 gladioque.
862 1053 910 1092 In
926 1054 1009 1093 haec
1029 1068 1193 1093 munera
1205 1059 1238 1076 ¹0
1251 1068 1354 1093 uxor
1368 1054 1580 1108 accipitur,
1593 1067 1713 1108 atque

1038 1176 1136 1207 bilior
1145 1201 1154 1213 ‚
1174 1179 1264 1209 tanto
1276 1179 1358 1217 apud
1368 1179 1528 1208 Romanos
1540 1202 1549 1213 ‚
1574 1178 1647 1208 teste
1662 1179 1712 1209 Ju-

324 1173 405 1204 libus
434 1175 567 1206 diversas
591 1177 719 1207 lacinias
747 1176 917 1208 adsuebant
933 1200 942 1213 ,
968 1180 1022 1207 ut'

1039 1216 1163 1253 venali,
1183 1220 1281 1256 Satyr.
1304 1219 1345 1247 Vl
1366 1241 1374 1253 ,
1402 1218 1512 1256 pejor,
1530 1218 1564 1248 ὅ(
1588 1217 1621 1246 in
1647 1217 1713 1247 dies

322 1214 424 1250 major
435 1215 507 1245 effet
520 1216 660 1246 varietas.
676 1217 743 1246 Nos
756 1227 883 1255 quoque
897 1242 905 1253 ,
927 1216 1001 1246 licet

323 1253 496 1291 elegantius
509 1277 518 1290 ,
537 1255 631 1285 nivea
650 1255 783 1284 murium
797 1256 999 1286 Ponticorum
1038 1255 1224 1293 corruptior.
1246 1257 1334 1286 Unde
1353 1256 1514 1286 Salvianus
1527 1280 1535 1292 ‚
1558 1255 1589 1284 (le
1606 1255 1714 1285 Guber-

321 1293 461 1328 veHera,
481 1293 520 1321 les
539 1294 701 1330 Hermffles,
730 1294 825 1333 nigris
847 1305 998 1334 agnorum
1037 1295 1148 1322 natione
1167 1294 1244 1329 Dei,
1265 1295 1334 1324 libr.
1353 1296 1420 1325 Vll.
1445 1294 1504 1333 lise
1521 1296 1593 1323 inser
1609 1295 1714 1324 Gothos

320 1331 451 1362 maculis
472 1331 647 1372 spargimus.
1036 1343 1089 1362 non
1101 1333 1345 1372 licerscorsaforem
1361 1333 1557 1372 Gorlzum:fhli
1573 1334 1645 1362 inter
1655 1344 1712 1370 eor,

362 1376 370 1390 ¹
404 1372 550 1401 OcEAsz
581 1383 743 1403 EXTERIOR
757 1397 766 1409 ,
787 1383 888 1408 ATQUE
910 1384 999 1403 rouo—
1033 1372 1192 1410 praejudicio
1207 1374 1329 1402 nationis
1341 1383 1374 1401 ac
1387 1373 1712 1409 nominis,permirturzrur

321 1419 387 1439 TUM
410 1413 528 1448 aman]
556 1413 699 1442 Oceanus
729 1412 997 1451 Septemtrionalis
1036 1412 1133 1447 impuri
1157 1413 1204 1452 effe
1233 1412 1401 1441 Romam...
1432 1411 1634 1448 Impudiciriam
1662 1423 1712 1442 nos

320 1458 357 1478 ac
383 1459 467 1479 mare
490 1449 609 1488 pigrum
624 1475 633 1487 ‚
657 1451 685 1479 la
712 1461 768 1480 mer
792 1452 935 1491 glaciale,
959 1453 997 1482 de
1036 1450 1189 1490 diligimur,
1207 1450 1290 1480 Gothi
1304 1461 1486 1480 execramur:
1500 1452 1647 1488 puritatem
1661 1462 1713 1481 nos

320 1497 385 1525 quo
414 1488 534 1518 dicetur
556 1489 636 1520 infra
658 1501 723 1528 cap.
754 1501 804 1528 45.
825 1491 873 1521 Sic
898 1491 996 1521 adhuc
1029 1490 1172 1530 fugimus,
1194 1490 1235 1520 illi
1254 1501 1369 1520 amant:
1385 1490 1538 1527 fornicario
1558 1490 1630 1527 apud
1651 1491 1712 1520 illos

318 1527 596 1564 septemtrionales
617 1530 746 1568 populi,
778 1529 817 1558 les
837 1530 996 1559 Groerzlarz-
1037 1540 1135 1559 crimen
1152 1540 1231 1569 atque
1255 1530 1395 1570 discrimen
1423 1530 1457 1569 est
1472 1555 1480 1567 ,
1506 1530 1578 1566 apud
1592 1541 1642 1559 nos
1667 1530 1712 1560 de-

317 1565 378 1594 doir
390 1589 399 1602 ‚
421 1566 460 1595 [ετ
482 1567 636 1597 Eskimaux
654 1592 662 1605 ‚
696 1569 831 1599 barbarae
856 1578 996 1600 veterum
1036 1580 1099 1599 cur.
1111 1593 1118 1600 .
1131 1593 1138 1599 .
1158 1570 1246 1599 Omne
1261 1570 1428 1606 impuriratis
1438 1569 1547 1608 stelas,
1567 1570 1714 1604 omnis-im&

319 1606 551 1637 Germanorum
581 1607 737 1647 reliquiae,
762 1609 969 1639 trichecorum
987 1634 994 1645 ‚
1033 1608 1173 1645 pudicitiae
1192 1609 1328 1646 turpitudo
1346 1619 1362 1637 α
1383 1609 1516 1638 Romanis
1532 1608 1688 1638 admittitur
1700 1631 1711 1647 ‚

320 1643 479 1682 spinacum
498 1670 506 1682 ‚
529 1646 567 1675 les
586 1646 734 1676 [amentius
753 1671 762 1685 ,
782 1647 822 1676 les
846 1648 939 1677 chiens
965 1648 995 1678 de
1038 1648 1066 1677 [7⁴
1081 1648 1237 1677 alvarbaris
1248 1648 1416 1678 vindicatur.
1442 1648 1564 1679 Ibidem
1582 1649 1710 1680 Vanda-

319 1693 376 1712 mer
389 1707 397 1719 ,
421 1685 552 1723 pellibus
569 1686 748 1717 vestiuntur.
1035 1689 1136 1719 lorum
1149 1687 1333 1727 pudicitiam
1348 1688 1463 1718 laudat.

356 1725 371 1765 ⁴²
396 1724 505 1754 mes
529 1737 698 1757 Amerinus
720 1729 734 1764 ]
759 1727 845 1757 Idem
871 1728 994 1759 ‘testatur
1072 1734 1084 1753 7
1106 1729 1210 1758 Ρεορε
1237 1739 1306 1759 sou
1335 1739 1553 1758 BARBARORUM
1583 1733 1594 1762 ]
1622 1729 1709 1759 Inter

317 1761 434 1793 Phnius
451 1765 540 1801 XIX,
557 1776 565 1794 1
580 1789 589 1801 ,
611 1765 679 1795 Vela
696 1775 802 1795 texunt.
813 1789 837 1795 ..
853 1765 883 1795 Cr
894 1767 995 1806 Trans·
1034 1767 1228 1798 Canadenses
1247 1768 1380 1807 populos
1403 1767 1511 1798 eadem
1529 1776 1709 1806 temperan-

316 1800 434 1831 rhenani
452 1802 552 1842 hostes.-
572 1815 622 1833 nec
638 1805 817 1841 pulchriorem
829 1805 913 1835 aliam
933 1808 991 1846 ves-
1033 1808 1075 1838 tia
1093 1808 1174 1846 apud
1193 1809 1335 1839 Hurones
1358 1816 1488 1851 reperta.
1509 1808 1538 1836 P.
1556 1807 1593 1838 de
1607 1807 1709 1837 Char-

316 1848 369 1869 tem
386 1852 474 1870 eorum
486 1842 599 1879 feminae
618 1855 723 1875 novere.

357 1885 366 1906 3
391 1882 540 1913 ΡυκΡυκΑ
562 1885 577 1920 ]
596 1885 684 1914 Haud
702 1885 773 1915 sane
788 1884 936 1924 exquisita
955 1885 990 1914 il-

315 1916 346 1947 15
359 1921 486 1964 purpura
498 1945 507 1957 ‚
530 1922 589 1966 qud
601 1922 762 1962 fulgebant
774 1934 915 1962 proceres
929 1926 990 1955 Ro-

315 1967 420 1998 man13
440 1960 489 1990 sed
504 1961 564 1991 alla
580 1963 719 2001 vulgari,
742 1964 779 1993 de
819 1963 856 1993 ua
875 1963 989 1994 Plinius

315 1997 409 2035 XVI,
436 2002 488 2036 18,
508 2000 576 2029 Item
593 2003 720 2031 vaccinia
732 2026 738 2032 .
749 2026 756 2033 .
766 2026 773 2032 .
822 2002 895 2032 all'iae
907 2003 988 2032 eriam

310 2044 440 2073 purpurae
454 2039 592 2078 tingendae
606 2043 690 2072 cauni
703 2042 919 2082 adservitiorum
933 2044 987 2082 vqs-

313 2083 365 2104 tes.

352 2120 368 2159 ᾖ
389 2117 433 2146 Ac
455 2129 615 2150 ιΑεεκτος
636 2122 650 2157 ]
670 2122 815 2159 Laceni,
836 2132 901 2160 pars
920 2124 988 2153 bra-

313 2153 456 2185 chiorum
476 2157 608 2188 humeris
629 2161 780 2198 proxima.

354 2199 363 2220 5
388 2195 600 2228 MATRIMONIA
626 2200 640 2236 ]
661 2201 698 2229 Et
716 2200 788 2231 inde
806 2200 914 2231 severae
927 2201 987 2232 illae

311 2231 394 2272 leges
406 2257 414 2270 ‚
427 2245 493 2279 quae
509 2237 625 2268 exstant
642 2238 675 2267 in
689 2240 772 2278 Lege
784 2240 882 2270 Salica
892 2264 900 2275 ‚
915 2251 987 2279 qua-

311 2281 378 2302 rum
400 2283 561 2313 praempuas
578 2277 650 2307 vide
664 2278 696 2306 in
710 2279 803 2309 Notis
824 2280 856 2311 ὃ(
878 2281 988 2310 Emen-

311 2311 491 2343 dationibus
513 2316 551 2344 ad
576 2325 640 2354 cap.
663 2320 706 2347 18.

312 2387 320 2393 .
350 2353 362 2370 ⁶
386 2352 487 2382 Masis
512 2365 712 2387 ιΑυοΑνΠυε
737 2362 747 2391 ]
771 2360 899 2395 Quanto
919 2371 985 2398 pars

310 2387 366 2423 llla
381 2400 505 2424 morum
524 2395 605 2434 apud
619 2396 793 2430 Germanos
808 2397 868 2431 fuit
881 2400 985 2432 lauda-

1032 1847 1161 1883 levoix,
1188 1846 1309 1876 Journal
1337 1847 1486 1886 Historzque
1513 1846 1576 1874 d'urz
1605 1855 1710 1885 vqyage

1031 1885 1102 1914 dans
1118 1886 1306 1925 l'Amerique,
1328 1886 1423 1915 Lettre
1443 1888 1525 1916 XIX.
1548 1896 1615 1925 pag.
1635 1889 1708 1923 283.

1070 1925 1081 1944 ⁸
1111 1927 1158 1956 On
1188 1937 1401 1956 NomuTATEM
1428 1927 1442 1963 ]
1470 1925 1520 1955 Sic
1549 1925 1707 1956 Ariovisto

1030 1966 1095 1995 duae
1103 1965 1187 1996 fuere
1197 1976 1327 2002 uxores,
1339 1966 1397 1996 Jul.
1411 1965 1520 2001 Caesar,
1534 1965 1610 1995 Bell.
1622 1964 1706 1995 Gall.

1028 2006 1059 2041 l,
1083 2016 1131 2044 53.
1154 2005 1232 2035 Aliis
1260 2006 1369 2043 plures.
1395 2005 1562 2043 Tantoque
1589 2003 1706 2033 diutius

1029 2044 1153 2075 duravit
1166 2044 1229 2074 haec
1242 2044 1370 2074 licentia
1381 2067 1390 2079 ,
1401 2044 1485 2083 quod
1496 2043 1529 2072 in
1543 2043 1578 2073 ea
1593 2050 1657 2086 erat
1669 2043 1705 2073 δῖ

1029 2084 1196 2122 opulentiae
1210 2093 1424 2123 argumentum
1437 2107 1446 2120 ,
1472 2083 1505 2113 δε
1526 2082 1704 2112 nobilltatrs

1028 2122 1154 2162 insigne.
1187 2123 1266 2153 Vide
1304 2123 1351 2153 Cl.
1390 2123 1427 2153 de
1459 2120 1678 2160 Montesquieu
1692 2143 1704 2159 ,

1033 2161 1121 2200 Effirir
1143 2162 1189 2191 des
1201 2161 1294 2199 Loix,
1312 2163 1412 2191 XVIll
1426 2184 1434 2197 ,
1459 2169 1507 2199 25.

1068 2207 1080 2225 ⁹
1104 2203 1176 2232 Non
1199 2212 1284 2232 uxon
1304 2200 1457 2235 MAmro]
1481 2200 1562 2229 Cum
1588 2199 1626 2229 de
1645 2199 1703 2230 hac

1028 2242 1102 2271 dote
1115 2240 1293 2279 nuptiisque
1303 2263 1312 2276 ‚
1332 2239 1365 2268 in
1377 2238 1487 2278 quibus
1503 2238 1584 2268 laud
1598 2237 1704 2269 minor

1028 2281 1131 2310 Martis
1159 2289 1272 2317 pompa
1292 2302 1300 2315 ‚
1332 2280 1423 2317 quam
1452 2277 1581 2308 Veneris
1609 2276 1668 2307 fuit
1692 2300 1703 2313 ,

1027 2320 1112 2357 plura
1141 2317 1198 2347 sint
1229 2318 1362 2348 dicenda
1382 2342 1391 2353 ,
1432 2316 1506 2346 vide
1535 2317 1634 2347 Notas
1666 2316 1703 2347 ὅτ.

1026 2357 1268 2388 Emendationes
1290 2358 1328 2387 ad
1349 2367 1412 2394 cap.
1435 2359 1479 2386 18.

1067 2403 1094 2418 ¹0
1115 2397 1279 2434 Musam]
1304 2396 1374 2428 Alia
1388 2396 1457 2428 sunt
1469 2394 1701 2431 Canadensrum

1750 820 1800 847 10
