1952 2708
379 152 580 194 LIBRI
619 149 888 193 OCTAVI
936 149 1324 194 ANNALIUM.
1456 163 1544 202 307

158 233 274 275 rodes
305 237 315 255 ¹
333 260 347 282 ‚
377 230 551 272 Galilaeae
580 232 805 281 tetrarcha,
840 232 1082 272 Herodiadis
1112 237 1126 253 ²
1143 263 1156 282 ‚
1184 232 1395 289 impudicae
1420 234 1459 273 ὅ(
1485 232 1544 272 su-
1564 236 1681 258 ’ΞΕ-Ξ

156 295 283 352 perbae
303 293 457 334 feminae
471 323 484 345 ,
507 294 653 335 artibus
671 296 822 349 magis,
844 293 961 348 quam
984 295 1060 334 suis
1073 325 1085 344 ‚
1109 295 1150 334 in
1170 297 1325 335 ruinam
1348 297 1491 336 tracius
1514 299 1541 335 ³.
1564 276 1680 361 &735

156 358 233 398 Illa
258 357 424 414 indigne
449 358 579 398 ferens
608 358 832 414 Agrippam
859 358 1020 398 fratrem
1044 358 1187 407 suum,
1217 358 1418 410 quondam
1446 372 1541 412 ege-
1589 375 1655 400 J.c.

157 435 254 461 num
287 425 327 461 ὅ(
361 421 577 477 profugum
602 426 652 471 4,
684 436 794 462 nunc
822 419 873 462 ob
908 421 1102 476 Principis
1135 425 1147 451 5
1185 421 1364 461 favorem
1399 420 1541 475 opibus
1597 431 1647 459 39-

107 492 131 532 5
160 487 201 524 &
231 486 395 525 nomine
420 485 532 539 regio
571 483 816 534 clarescere,
848 486 1060 533 maritum,
1089 483 1138 523 ad
1164 484 1292 523 otium
1309 512 1322 533 ,
1351 482 1469 537 quam
1493 483 1544 524 ad

157 545 329 601 gloriam
346 576 359 598 ,
384 548 615 603 proniorem
630 577 641 597 ,
672 548 786 602 regni
808 547 996 603 cupidine
1016 561 1115 601 aegre
1138 545 1357 586 succendit.
1381 545 1544 596 Ambo,

158 611 335 650 Romam
387 610 553 666 profeffl
594 640 608 660 ‚
661 623 706 650 ut
744 611 949 664 diguitatis
1005 609 1268 650 accessionem
1314 608 1545 648 muneribus

157 686 454 714 emercarentur
464 702 478 724 ‚
503 672 645 714 Caium
663 702 676 723 ,
704 674 818 728 regio
838 672 936 713 luxu
956 671 1074 714 litora
1089 672 1317 728 Campaniae
1339 686 1546 726 peragran-

159 749 270 785 tem,
301 737 407 777 Baiis
436 751 616 792 reperere
645 734 675 777 ⁶.

223 799 403 840 XVIII.
437 799 507 841 Eo
532 799 645 840 simul
668 800 779 840 venit
799 802 1041 842 Fortunatus
1066 804 1080 826 ⁷
1096 829 1109 849 ‚
1136 799 1184 840 ab
1206 795 1385 854 Agrippa
1414 795 1548 837 missus

161 878 254 904 cum
293 862 451 914 literis,
487 862 628 917 quibus
662 864 870 904 Herodem
907 861 1120 903 accusabat
1157 880 1178 900 «
1217 861 1418 902 societatis
1453 873 1547 900 cum

159 925 397 966 »Artabano
426 924 468 977 ⁸,
500 941 774 980 novarumque
805 941 934 967 rerum
955 955 968 975 ‚
1005 941 1098 979 quas
1116 955 1128 976 ,
1158 924 1337 966 colle'ffls
1358 954 1371 974 ,
1406 922 1548 977 quibus

161 989 445 1045 »septuaginta
470 989 596 1030 millia
636 991 847 1030 hominum
889 1003 1086 1039 armaret,
1123 988 1280 1029 bellicis
1311 989 1549 1028 instrumen-

160 1053 271 1102 >›tis‚
300 1052 463 1094 fovebat
492 1070 534 1093 >›.
570 1053 622 1093 Iis
650 1069 670 1093 a
699 1053 801 1093 Caio
828 1052 1038 1109 perlectis,
1068 1052 1275 1094 Herodem
1294 1081 1306 1101 ‚
1343 1051 1390 1091 de
1417 1064 1551 1090 armo-

87 1124 134 1166 15
161 1129 249 1154 rum
273 1115 530 1157 multitudine
554 1114 700 1156 callide
728 1117 1015 1170 interrogatum
1031 1144 1042 1165 ‚
1070 1119 1110 1156 &
1137 1130 1186 1156 ex
1211 1114 1454 1155 confeffione
1478 1112 1551 1152 cri-

161 1180 280 1220 minis
320 1179 568 1237 suspec'mm,
607 1177 822 1220 tetrarchia
863 1178 1084 1235 opibusque
1121 1179 1265 1228 exuit,
1299 1182 1338 1218 &
1381 1175 1552 1231 Lugdu-

86 817 135 843 10

163 1332 293 1364 exhibet
307 1332 395 1363 Philo
409 1357 417 1369 ,
433 1332 463 1362 in
477 1333 624 1364 Flaccum
637 1356 645 1369 ‚
667 1343 734 1372 pag.
744 1342 815 1368 991.
875 1342 942 1362 rum
963 1332 1176 1372 explicatione
1202 1331 1378 1361 Harduinus
1407 1354 1415 1367 ‚
1453 1329 1551 1358 Selec'ff.

206 1379 213 1391 ¹
239 1374 407 1406 Hmmors]
421 1373 480 1402 Hic
494 1373 681 1402 estHerodcs
694 1373 833 1409 Antipas,

163 1412 318 1442 Herodisl
339 1411 441 1450 Magni
457 1412 554 1447 filius,
573 1412 706 1442 Galilaeae
723 1420 833 1441 tetrar-

162 1451 219 1481 cha
233 1475 241 1486 ,
258 1451 295 1480 de
309 1461 372 1490 quo
392 1452 428 1480 D.
445 1453 561 1486 Lucas,
576 1452 618 1480 III
632 1474 640 1486 ‚
666 1461 690 1480 1.
706 1451 835 1480 Haben-

164 1499 214 1521 tur
228 1490 298 1520 aerei
321 1491 384 1528 ejus
408 1491 528 1520 nummi
542 1490 724 1520 indubitatae
739 1489 835 1526 fidei,

165 1530 198 1560 in
214 1530 324 1568 quibus
345 1540 381 1559 ex
398 1529 458 1559 unzi
472 1538 556 1568 parte
571 1529 604 1558 in
625 1529 746 1559 corona
767 1529 836 1558 lau-

164 1569 382 1600 rea-tummim.
400 1569 432 1598 id
444 1570 501 1605 est,
516 1568 643 1597 Tiberias
657 1581 666 1597 .·
679 1580 716 1599 ex
727 1567 835 1605 altera,

166 1615 301 1638 ΗΡωΔοΥ
323 1615 539 1644 TETPAPXOY,
555 1607 586 1637 in
604 1608 708 1638 medio
725 1608 836 1646 palma,

165 1659 237 1678 cum
255 1646 330 1678 nota
353 1654 425 1677 ιΛΓ
445 1658 452 1676 z
475 1647 507 1677 in
522 1647 589 1677 aliis
616 1659 632 1676 L
651 1653 709 1676 ΛΔ.
728 1647 759 1676 id
781 1647 837 1683 est,

163 1686 282 1717 Herodis
300 1686 457 1717 ferrar-chae,
478 1686 560 1715 Anno
579 1687 643 1724 ejus
666 1686 837 1717 tetrarchia:

164 1727 299 1767 trigesimo
314 1726 392 1755 tertio
403 1750 412 1762 ,
427 1726 477 1756 vel
491 1725 623 1765 trigefimo
638 1734 742 1764 quartu.
758 1725 838 1756 Vide

166 1767 217 1796 Cl.
234 1766 447 1805 Batthelemy‚
463 1765 610 1795 Me‘moIrer
624 1764 655 1794 de
671 1764 839 1793 l’Acade‘mie

165 1805 273 1846 Royale
283 1805 329 1834 der
342 1804 528 1843 Iffwipriwzs,
538 1806 632 1836 Tom.
644 1806 758 1836 XXVI.
771 1814 839 1843 pag.

170 1854 239 1883 537.
265 1845 349 1874 Alius
361 1855 454 1875 aereus
468 1867 477 1879 ,
496 1844 578 1875 haud
598 1844 640 1875 ita
654 1853 744 1875 certae
757 1844 840 1874 anti-

168 1883 296 1924 quitatis
309 1907 318 1920 ,
339 1892 443 1915 tamen
453 1885 678 1923 percelebratus
695 1894 839 1914 nummus

167 1923 382 1954 circumfertur
399 1947 408 1960 ,
433 1923 492 1953 hoc
511 1933 595 1954 anno
620 1934 684 1953 aerae
707 1923 839 1962 vulgaris

169 1964 286 2002 (quam
304 1963 402 1992 sumus
416 1962 509 1992 secuti
526 1962 558 1992 in
571 1962 764 2001 adsignandis
785 1972 841 1991 an-

168 2002 216 2032 nis
231 2027 239 2038 ‚
263 2012 302 2032 ne
326 2002 461 2031 tenebrae
492 2002 751 2038 effunderentur)
779 2011 815 2038 39
832 2023 840 2033 ,

167 2041 238 2071 Jesu
254 2040 365 2071 Christi
378 2052 429 2078 43,
443 2040 536 2070 cusus.
554 2043 590 2070 In
608 2042 726 2071 corona
740 2040 841 2070 laurea

170 2088 256 2110 mm
280 2088 398 2110 KA1cA.
431 2087 531 2109 ΓΕΡΜ.
553 2087 625 2110 CER.
644 2080 675 2110 id
691 2081 748 2116 est,
773 2079 841 2107 Caio

170 2119 276 2159 Caesarz'
308 2119 473 2148 Germanico
502 2118 632 2157 Augusto.
672 2120 709 2148 In
736 2118 842 2149 aversa

169 2168 255 2198 parte
275 2165 417 2188 HmAnc
440 2165 664 2194 TETI’APXHC,
683 2158 715 2188 in
737 2158 842 2187 medio

170 2199 272 2237 palma
293 2209 363 2228 cum
386 2197 463 2228 nota
484 2210 500 2227 ι
518 2205 578 2227 ΜΓ.
601 2198 633 2226 id
646 2196 685 2227 est
698 2221 706 2234 ,
723 2195 844 2225 Herodes

169 2239 321 2273 tetrarcha,
348 2238 431 2267 Anno
450 2238 513 2274 ejus
531 2236 702 2268 tetrarchiae
722 2235 844 2275 quadra-

192 2287 266 2306 ezmo
302 2277 391 2306 tertio.
426 2277 504 2307 Vide
524 2278 556 2306 P.
578 2275 732 2313 Froelich,
751 2276 842 2305 Norit.

212 2325 307 2346 emerit.
338 2315 471 2352 Numisia.
494 2315 590 2347 Antia.
615 2326 682 2354 pag.
712 2324 783 2354 225.
810 2316 844 2345 &

175 2355 224 2384 Cl.
240 2356 383 2391 Pellcrin‚
396 2355 505 2384 Recueil
517 2355 549 2384 de
563 2355 710 2384 Mddailles
722 2354 754 2383 de
766 2354 843 2391 Rois,

178 2403 245 2433 pag.
261 2405 326 2434 175.
347 2397 507 2433 Quantum
523 2395 557 2426 in
568 2394 680 2426 horum
698 2404 845 2426 nummo-

877 1372 976 1407 Ofera.
996 1383 1062 1412 pag.
1090 1382 1141 1410 33¹
1162 1372 1195 1402 ὃς
1212 1371 1295 1409 seqq.
1306 1369 1453 1400 erraverit
1470 1380 1554 1406 ‚eru-

875 1411 946 1442 diris
966 1412 1111 1442 omnibus
1132 1418 1338 1448 compertum.

913 1455 924 1469 ²
949 1451 1178 1487 Hrrzoomms]
1200 1447 1550 1485 Herodias‚Aristobuli

875 1489 908 1520 ὃς
927 1490 1091 1521 Berenices
1106 1490 1188 1525 filia,
1204 1489 1290 1520 soror
1306 1488 1445 1527 Agrippae
1463 1488 1490 1523 l,
1512 1487 1551 1517 de

876 1539 938 1568 quo
976 1531 1075 1560 multa
1105 1529 1239 1559 diximus
1269 1527 1300 1557 in
1326 1527 1549 1565 supplemento

875 1569 988 1599 Annal.
1008 1571 1087 1603 VII,
1123 1580 1168 1598 ιι.
1196 1568 1304 1597 Virum
1328 1567 1412 1596 suum
1437 1565 1551 1602 Philip-

877 1618 948 1646 pum
967 1632 976 1644 ,
998 1607 1233 1638 Trachonitidis
1252 1605 1434 1636 tetrarcham
1450 1629 1458 1641 ‚
1481 1605 1551 1634 reli-

876 1655 983 1686 querat
1004 1672 1011 1683 ,
1047 1656 1079 1677 ut
1106 1647 1233 1677 incestas
1263 1656 1333 1676 cum
1363 1646 1427 1682 ejus
1458 1644 1551 1674 fratre

876 1687 1001 1717 Herode
1013 1686 1128 1724 Antipa
1137 1685 1257 1724 nuptias
1268 1686 1417 1722 jungeret.
1426 1684 1464 1713 D.
1474 1685 1551 1713 Luc.

877 1727 940 1761 III,
964 1737 1009 1762 ¹9·
1036 1727 1082 1756 De
1097 1725 1221 1756 Herode
1240 1726 1272 1754 ὃ(
1285 1723 1462 1753 Herodiade
1479 1723 1552 1753 vide

876 1768 1010 1795 Stemma
1023 1766 1183 1796 Herodum
1195 1787 1203 1800 ‚
1227 1773 1310 1793 num.
1323 1774 1358 1792 22
1370 1763 1403 1792 ὃς
1420 1765 1464 1792 ι8.

918 1810 926 1830 3
951 1806 983 1834 IN
1008 1816 1131 1835 numm
1151 1804 1322 1839 TRACTUS]
1357 1803 1428 1831 Haec
1454 1800 1554 1839 pluri-

876 1845 932 1874 bus
962 1852 1063 1874 narrat
1097 1841 1244 1881 Joscphus
1264 1866 1273 1879 ‚
1303 1841 1414 1880 Antiq.
1433 1841 1554 1871 Judaic.

878 1884 979 1913 XVIII
995 1906 1003 1918 ,
1032 1895 1058 1917 7-

918 1928 932 1946 ⁴
954 1924 1087 1952 Ecrssum
1112 1931 1148 1950 rr
1170 1919 1555 1957 pnoruoummgrippat,

881 1962 1049 2000 imperante
1069 1959 1203 1990 Tiberio
1219 1983 1227 1995 ‚
1255 1969 1330 1997 opes
1360 1958 1424 1988 suas
1447 1959 1556 1988 Romae

881 2002 954 2031 luxu
985 2003 1018 2032 ὅ(
1046 2000 1220 2031 ambitione
1251 1997 1439 2028 exhauserat.
1475 1997 1555 2027 Vide

880 2040 1045 2078 Josephum
1060 2063 1069 2075 ‚
1082 2039 1188 2077 Antiq.
1205 2037 1324 2068 Judaic.
1349 2037 1470 2072 XVIII,
1485 2040 1514 2066 6.

921 2085 929 2106 5
955 2082 1001 2109 On
1024 2076 1290 2113 Pn1uc1P1s]Caii
1307 2075 1556 2114 Caligulae.Vidc

882 2128 948 2157 quae
963 2118 1042 2148 dicia
1060 2118 1128 2148 sunt
1148 2116 1180 2146 in
1194 2116 1418 2155 Supplemento
1442 2115 1556 2145 Annal.

882 2158 937 2189 VII
951 2180 959 2191 ‚
989 2168 1034 2187 11.

922 2198 934 2215 ⁶
958 2196 1150 2232 Rern-nean]
1172 2192 1294 2233 Ioseph.
1307 2193 1414 2232 Antiq.
1435 2191 1555 2224 Judaic.

921 2281 934 2301 7
956 2246 1057 2306 VE'Ni7T
1068 2270 1555 2310 Fonwumusssoseph.loocit.

923 2314 935 2334 ⁵³
958 2314 1157 2350 Anramuo]
1173 2313 1330 2342 Artabano
1348 2312 1374 2341 11
1392 2333 1400 2346 ‚
1425 2310 1556 2340 Partho-

883 2364 950 2384 rum
976 2364 1057 2392 rege.
1078 2353 1159 2384 Vide
1175 2354 1340 2383 Canonem
1366 2361 1472 2390 regum
1489 2351 1561 2379 Par-

883 2394 1028 2431 thorum,
1046 2394 1142 2424 Tom.
1154 2393 1176 2422 1.
1192 2402 1258 2432 pag.
1275 2394 1343 2428 364.

1222 2453 1301 2506 Qq
1336 2449 1361 2501 ij
