1952 2708
326 180 384 219 74
592 159 641 200 C.
701 154 1107 199 CORNELII
1164 151 1449 197 TACITI

317 248 421 288 ciam
437 240 566 281 Aliam
581 268 594 290 ,
611 235 896 295 proconsulem
911 235 1091 278 Salvium
1109 237 1318 278 Titianum
1338 242 1347 259 ¹
1366 237 1476 278 dedit
1493 250 1504 284 3
1536 251 1708 292 quorum

321 320 466 350 neutro
483 315 694 359 corruptus
711 302 764 342 est
783 318 790 341 :
816 316 1056 354 quamquam
1073 305 1112 341 ὅς
1130 301 1341 356 provincia
1357 300 1491 351 dives,
1510 316 1557 342 ac
1575 316 1709 357 parata

323 367 613 427 peccantibus,
646 369 686 406 ὃ(
717 363 934 421 proconsul
960 393 974 414 ,
1003 365 1045 403 in
1068 377 1233 404 omnem
1261 363 1493 404 aviditatem
1522 378 1670 418 pronus
1699 394 1715 415 ,

324 430 571 488 quantalibet
596 427 790 470 facilitate
806 427 1084 483 redempturus
1113 426 1207 468 esset
1232 439 1411 467 mutuam
1436 425 1712 468 diffimulatio-

323 511 416 537 nem
434 494 541 536 mali.
566 494 716 534 Auuus
734 494 787 533 est
803 491 858 532 ibi
875 489 955 531 filia
969 519 982 541 ,
1008 491 1050 530 in
1079 489 1291 531 subsidium
1309 488 1423 530 simul
1441 493 1480 531 ὃ(
1497 488 1687 531 solatium
1703 503 1712 527 :

324 574 416 601 nam
446 557 571 599 filium
590 587 602 608 ‚
629 557 721 597 ante
743 553 942 596 sublatum
960 557 974 574 ²
987 583 1000 604 ,
1024 553 1137 594 brevi
1154 554 1290 595 amisit.
1308 555 1414 595 Mox
1428 555 1532 595 inter
1548 555 1713 608 quaestu-

323 638 407 664 ram
421 652 434 673 ,
452 637 498 663 ac
515 620 760 661 tribunatum
780 617 906 674 plebis
925 623 936 646 ³
950 647 963 669 ,
985 615 1104 672 atque
1121 619 1240 659 etiam
1258 619 1388 674 ipsum
1404 616 1626 659 tribunatus
1645 633 1717 660 an-

323 700 420 727 num
450 686 584 740 quiete
614 687 654 724 δε
684 684 770 724 otio
794 681 929 722 transit
952 711 965 732 ,
991 696 1136 736 gnarus
1158 681 1228 722 sub
1257 683 1427 724 Nerone
1454 694 1714 738 temporum,

323 748 464 804 quibus
482 749 622 788 inertia
640 762 712 803 pro
738 743 930 802 sapientia
946 745 1035 786 fuit.
1058 745 1174 786 Idem
1189 759 1363 800 praeturae
1382 759 1522 796 tenor,
1545 749 1587 786 δε
1603 744 1716 787 silen⁴

320 814 446 853 tium:
466 827 541 853 nec
563 812 671 852 enim
698 808 916 863 jurisdiCtio
933 808 1154 850 obvenerat
1170 814 1200 849 4.
1217 809 1356 851 Ludos
1370 840 1383 861 ,
1411 813 1451 850 δε
1478 809 1612 850 inania
1640 811 1716 850 ho-

322 877 431 917 noris
447 905 460 926 ,
479 874 600 915 modo
620 875 785 915 rationis
804 886 922 928 atque
947 872 1198 914 abundantiae
1224 873 1339 914 duxit
1352 903 1365 924 ‚
1389 874 1448 913 uti
1472 871 1597 928 longe
1614 887 1635 913 a
1648 871 1716 913 lu·-

320 938 435 980 xurizi
452 969 464 989 ,
487 940 540 979 ita
555 938 665 978 famae
684 939 860 994 propior.
876 937 984 977 Tum
1005 935 1151 978 elefims
1168 952 1189 977 a
1206 935 1337 978 Galba
1354 936 1402 977 ad
1418 937 1524 978 dona
1538 934 1718 992 templo-

320 1017 409 1042 rum
442 1001 774 1057 recognoscenda
794 1031 807 1052 ,
839 999 1133 1055 diligentissima
1166 1001 1461 1055 conquisitione
1487 1000 1586 1041 fecit
1616 1029 1630 1050 ,
1665 1013 1718 1040 ne

322 1063 435 1116 cujus
468 1064 628 1106 alterius
653 1063 907 1119 sacrilegium
931 1063 1155 1120 respublica
1180 1094 1193 1114 ,
1223 1063 1341 1119 quam
1374 1065 1552 1105 Neronis
1583 1068 1595 1095 5
1625 1062 1717 1103 sen-

321 1128 435 1168 slffet.

384 1191 487 1233 VII.
522 1193 548 1232 S
562 1203 583 1230 E
599 1205 627 1239 Q
638 1203 664 1231 U
677 1203 727 1230 EN
739 1204 755 1230 s
784 1205 910 1232 annus
927 1189 944 1212 ⁶
958 1191 1071 1246 gravi
1092 1189 1259 1232 vulnere
1276 1191 1455 1233 animum
1471 1190 1718 1244 domumque

318 1347 364 1368 res
385 1337 497 1369 aditus.
524 1338 605 1369 Vide
625 1339 712 1376 supra
731 1338 843 1368 Annal.
860 1340 906 1369 ΙΙΙ
920 1363 929 1375 ,
950 1349 1000 1375 29.

318 1377 553 1408 Provinciarum
586 1377 761 1416 praefidibus
786 1378 947 1416 quaestores
966 1380 999 1409 ὃς

319 1417 505 1459 quaestorum
523 1416 626 1448 scribae
638 1441 648 1454 ,
666 1417 747 1448 sorte
761 1417 832 1447 lecti
846 1441 854 1454 ‚
871 1426 905 1448 ut
920 1417 1001 1447 diffi-

319 1456 411 1485 cilius
435 1480 443 1493 ,
474 1456 676 1497 timidiusque
707 1466 883 1496 peccarent.
922 1457 1002 1489 Vide

320 1494 459 1525 Plinium
471 1520 479 1533 ‚
490 1497 542 1526 IV.
555 1497 608 1535 Ep.
628 1507 674 1526 η.

362 1540 371 1554 ¹
388 1536 536 1567 §arvium
551 1537 735 1574 T1T1ANUM]
748 1536 887 1567 Fratrem
901 1536 1004 1567 Otho-

319 1572 366 1603 nis
390 1575 592 1612 Imperatoris
617 1599 627 1613 ‚
660 1575 699 1606 de
731 1586 794 1615 quo
818 1576 893 1616 saepe
916 1576 1003 1615 supra

320 1613 420 1642 Hist.1
443 1613 477 1644 ὃ(
501 1615 538 1643 II.

363 1657 374 1670 ²
397 1654 569 1683 SUBLATUM
592 1653 606 1689 ]
636 1656 718 1685 Ante
741 1654 911 1693 susceptum
926 1677 934 1690 ‚
955 1654 1003 1685 su-

319 1691 507 1734 blatumque
518 1703 534 1722 e
545 1692 624 1722 terra
633 1717 642 1730 ‚
656 1693 689 1722 in
703 1693 763 1732 qua
775 1693 857 1723 nuda
867 1693 942 1723 nudi
952 1694 1002 1724 in-

320 1731 421 1760 fantes
451 1731 588 1761 Romani
606 1755 614 1767 ‚
637 1735 742 1763 recens
758 1733 845 1769 nati,
867 1733 1004 1771 depone*

320 1770 446 1800 bantur.
473 1770 553 1800 Vide
567 1770 703 1801 Plinium
715 1794 724 1805 ,
743 1773 799 1802 VII
811 1796 819 1808 ‚
840 1772 873 1802 in
889 1772 1003 1810 praefat.

321 1819 407 1839 num.
435 1820 462 1838 1·
478 1809 712 1841 &Suetonium
730 1810 762 1840 in
772 1813 851 1850 Aug.
868 1813 906 1842 V.

341 1854 370 1891 ⁷3
397 1849 619 1880 TRIBUNATUM
643 1852 774 1888 ursis]
793 1851 926 1889 Hujusce
940 1861 1004 1882 ma-

320 1887 460 1926 gistratus
475 1889 593 1920 summa
603 1890 770 1920 auctoritas
782 1913 791 1927 ‚
813 1891 942 1929 potestas
956 1891 1003 1921 sa-

321 1927 490 1958 crosanch.
507 1929 584 1959 Ideo
600 1929 775 1961 tribunatus
790 1939 906 1960 annum
919 1930 1003 1969 quie-

318 1973 351 1995 te
371 1967 403 1998 &
424 1967 495 1998 otio
513 1967 648 2006 transsit,
666 1980 706 1999 ne
720 1971 883 2000 Neronem
896 1970 1001 2000 offen-

320 2005 418 2036 deret.
443 2007 489 2038 De
508 2007 661 2045 dignitate
679 2008 911 2048 tribuniplebis
923 2009 1003 2040 niul-

320 2051 351 2075 ta
366 2044 460 2075 habet
479 2046 596 2078 Plinius
612 2071 622 2085 ‚
640 2050 663 2078 Ι.
674 2049 727 2087 Ep.
740 2059 790 2086 23.

358 2088 373 2106 4
403 2085 610 2117 JURISDICTIO
652 2098 844 2118 ossvrmzRAT
864 2088 877 2124 ]
917 2090 1003 2119 Inter

318 2131 463 2161 praetores
481 2125 666 2157 eminebant
678 2136 789 2165 praetor
804 2127 946 2158 Urbanus
968 2128 1002 2159 &

318 2171 431 2205 praetor
451 2165 639 2203 peregrinus.
661 2167 718 2197 llle
734 2167 816 2197 inter
832 2166 916 2197 cives
927 2187 934 2200 ‚
950 2166 1002 2198 hic

318 2210 401 2246 inter
420 2206 599 2242 peregrinos
613 2229 621 2239 ,
650 2207 702 2236 vel
722 2206 902 2245 peregrinos
920 2205 1002 2236 inter

319 2241 355 2284 ὃς
373 2251 457 2286 cives
479 2244 525 2281 jus
549 2245 673 2275 dicebat
694 2257 700 2276 :
720 2246 768 2276 De
786 2255 895 2276 eoriun
911 2245 1002 2283 juris-

319 2280 552 2325 deio-neqvide
566 2283 693 2314 Livium
707 2309 716 2321 ‚
735 2287 836 2316 XXIV
850 2309 858 2321 ‚
876 2296 925 2323 44.
942 2286 1000 2318 Ta-

318 2319 355 2360 lis
367 2320 536 2365 jurisdictio
559 2333 624 2354 non
646 2325 820 2355 obvenerat
832 2325 998 2364 Agricolae.

317 2358 362 2388 Ex
392 2370 428 2390 us
460 2364 583 2392 tantuin
612 2364 795 2401 praetoribus
822 2364 881 2395 fuit
901 2388 910 2402 ,
945 2364 998 2403 qui

317 2399 535 2435 quaestionibus
569 2403 701 2441 publicis
723 2412 884 2443 praeerant.
922 2404 999 2435 Inde

1041 1337 1134 1370 facile
1156 1339 1184 1369 ei
1204 1338 1263 1369 fuit
1277 1337 1442 1369 silentium.
1463 1338 1572 1368 Ludos
1586 1345 1693 1368 tamen
1707 1359 1719 1374 ‚

1041 1388 1121 1417 quos
1142 1380 1233 1409 edere
1248 1379 1391 1409 solebant
1405 1386 1567 1416 praetores,
1593 1377 1719 1415 aliaque

1041 1417 1170 1448 honoris
1195 1417 1300 1448 inania
1329 1418 1427 1448 modo
1460 1416 1592 1448 rationis
1625 1425 1720 1455 atque

1041 1457 1240 1488 abundantiae
1268 1457 1357 1487 duxit
1376 1480 1384 1493 ‚
1415 1458 1535 1496 quanto
1561 1467 1578 1486 a
1598 1454 1721 1486 luxuria

1042 1497 1197 1528 remotior
1209 1520 1217 1534 ‚
1230 1499 1320 1528 tanto
1339 1496 1427 1526 famae
1443 1496 1584 1535 propior.
1596 1497 1720 1534 Septem

1043 1537 1152 1568 diebus
1162 1537 1316 1568 solemnes
1329 1536 1419 1567 ludos
1429 1536 1632 1566 celebrabant
1647 1544 1722 1573 prae-

1042 1584 1127 1607 tores
1150 1601 1158 1613 ,
1181 1576 1269 1621 tanta
1291 1585 1395 1620 autem
1418 1575 1540 1620 luituria
1555 1598 1564 1611 ‚
1585 1575 1640 1619 yel
1654 1573 1721 1613 ipso

1042 1625 1194 1656 vergente
1223 1626 1358 1654 irnperio
1373 1639 1382 1651 ‚
1409 1625 1444 1645 ut
1463 1625 1607 1645 immanis
1628 1624 1724 1653 pecu-

1042 1655 1164 1686 niarum
1183 1655 1230 1686 vis
1246 1655 1279 1684 in
1292 1655 1348 1685 hos
1366 1655 1456 1685 ludos
1477 1654 1720 1692 impenderetur.

1041 1696 1121 1726 Vide
1140 1695 1287 1725 Photium
1298 1719 1306 1731 ‚
1318 1694 1400 1724 Cod.
1411 1695 1540 1724 LXXX.
1561 1704 1599 1723 ex
1608 1693 1721 1732 Olym-

1044 1734 1194 1773 piodoro.
1217 1735 1365 1764 Ceterum
1387 1733 1497 1762 honoris
1519 1732 1616 1761 inania
1638 1735 1719 1763 recle

1043 1774 1124 1804 dixit
1136 1773 1264 1804 Tacitus
1278 1773 1361 1803 :vim
1372 1772 1457 1803 enim
1465 1771 1652 1811 magistratus
1667 1773 1722 1801 ob-

1042 1813 1189 1843 tinebant
1199 1814 1404 1852 Imperatores
1415 1836 1424 1850 ,
1449 1812 1539 1842 ludos
1548 1810 1724 1841 &honoris

1043 1852 1151 1883 inania
1166 1852 1350 1891 praetoribus
1373 1851 1607 1890 permittebant.
1632 1850 1723 1881 Unde

1041 1891 1170 1922 Boetius
1179 1916 1188 1929 ‚
1199 1892 1330 1922 Consol.
1344 1891 1522 1930 Philosoph.
1534 1891 1589 1927 III,
1600 1890 1679 1929 pros.
1690 1901 1723 1928 4.

1042 1940 1202 1970 praeturam
1224 1931 1337 1962 merit&
1351 1931 1484 1970 appellat
1495 1954 1503 1967 ‚
1525 1929 1610 1958 inane
1624 1939 1722 1959 nomen

1043 1971 1212 2010 &senatorii
1231 1971 1330 2000 cens-sas
1345 1970 1620 2010 gravemfizrcinam.
1708 1994 1711 1996 .

1081 2016 1090 2038 5
1116 2014 1216 2048 QUAM
1233 2012 1377 2041 erzoms
1393 2011 1407 2047 ]
1428 2009 1576 2049 Agricola
1587 2008 1723 2048 diligen-

1041 2050 1149 2081 tissima
1176 2049 1411 2090 conquisitione
1441 2049 1517 2080 fecit
1532 2071 1540 2083 ‚
1561 2057 1594 2080 ut
1611 2049 1694 2078 dona
1710 2071 1721 2084 ,

1041 2090 1165 2129 templis
1192 2091 1335 2127 adempta
1352 2113 1361 2126 ‚
1386 2100 1454 2128 quae
1481 2088 1582 2119 adhuc
1616 2088 1721 2126 super-

1041 2130 1136 2160 effent
1155 2153 1164 2166 ‚
1191 2129 1315 2168 templis
1329 2128 1570 2160 restituerentur.
1596 2127 1641 2156 Ita
1656 2125 1720 2156 res—

1041 2169 1166 2207 publica
1183 2169 1272 2200 unius
1284 2167 1436 2203 Neronis,
1447 2166 1500 2205 qui
1515 2166 1632 2204 templa
1646 2165 1722 2204 spo-

1042 2208 1172 2239 liaverat
1187 2232 1195 2244 ‚
1214 2217 1344 2246 eamque
1364 2206 1497 2245 praedam
1520 2205 1552 2234 in
1571 2205 1719 2243 volupta-

1041 2256 1107 2278 tum
1123 2272 1132 2286 ‚
1154 2247 1324 2278 libidinum
1342 2270 1351 2282 ,
1378 2245 1506 2276 luxuriae
1525 2243 1592 2275 usus
1615 2252 1720 2275 verte-

1040 2296 1104 2324 rat,
1122 2285 1315 2324 sacrilegium
1331 2284 1430 2316 sensit.
1451 2284 1531 2316 Vide
1546 2284 1634 2323 supra
1653 2285 1720 2313 An-

1040 2327 1102 2356 nal.
1118 2328 1175 2356 XV
1189 2349 1198 2361 ,
1225 2335 1275 2365 45.

1081 2366 1094 2384 ⁶
1115 2367 1252 2400 Stourns
1274 2366 1397 2401 armus]
1419 2363 1494 2394 Fuit
1513 2373 1610 2393 annus
1628 2361 1719 2395 Urbis

1041 2404 1178 2437 conditae
1194 2415 1361 2437 Dcccxxn.
1381 2403 1450 2436 Jesu
1471 2402 1582 2435 Christi
1602 2406 1654 2440 69.

1768 508 1797 548 ς]

1746 824 1799 852 10
