1952 2708
398 147 479 191 184
571 136 793 179 NOTAE
845 134 930 176 ET
979 134 1577 181 EMENDATIONES

385 237 405 252 ω
419 221 446 252 le
459 215 616 262 de'fendre.
634 215 668 250 Si
686 227 742 248 une
756 214 818 249 cite'
829 213 870 259 est
887 227 924 248 en
944 216 1027 260 paix
1040 241 1050 257 ,
1074 215 1248 261 lesprinces
1264 226 1343 250 vont
1364 217 1435 261 clzeq
1453 217 1543 252 celles
1565 219 1618 265 qui
1635 217 1712 263 font
1731 219 1763 253 la

380 278 544 314 „guerre;
561 264 630 312 c'est
644 264 759 312 par-lsi
784 264 877 312 qu’ils
907 264 1086 310 conservent
1122 278 1163 299 un
1184 265 1290 312 grand
1318 266 1443 301 nombre
1465 266 1589 303 d‘amts.
1628 270 1766 304 Ceux-ci

380 335 399 349 υ
413 319 571 360 νεροίνεηῑ
593 315 688 350 d'eux
712 316 740 350 le
767 315 875 348 clzeval
901 314 943 348 du
961 315 1081 348 combat
1099 315 1134 349 ὃ·
1154 316 1181 348 le
1198 316 1325 361 javelot
1345 317 1481 350 terrible.
1511 317 1570 350 Les
1589 331 1676 363 repas
1699 332 1762 364 peu

380 367 564 410 adelinus,
591 368 669 400 mais
685 364 826 411 grands,
846 363 922 410 sont
949 376 1006 397 une
1038 364 1135 409 espece
1164 363 1200 398 de
1218 364 1307 409 fhlde
1324 377 1406 409 pour
1427 379 1500 401 eux.
1534 367 1578 400 Le
1593 371 1703 412 prince
1726 382 1764 404 ne

379 419 542 463 »fiuctient
559 416 611 461 ses
643 415 815 450 libe'ralite‘s
848 427 904 461 quc
924 413 1043 459 parles
1059 426 1187 459 gnei-res
1208 413 1244 448 ἓν
1261 414 1302 447 les
1327 417 1460 459 rapines.
1493 416 1576 450 Vous
1604 418 1672 451 leur
1687 432 1763 463 per-

379 466 572 513 »s‘uaderieq
594 466 662 500 blen
688 467 787 499 moins
802 464 838 498 de
857 464 1003 497 lahourer
1020 463 1054 496 la
1077 474 1158 497 terre
1172 463 1208 497 θ’
1222 462 1399 497 d'attendre
1421 465 1542 500 l’anne'e
1555 492 1565 507 ,
1596 479 1653 514 que
1674 467 1763 514 d’ap-

378 518 508 562 :opeller
522 515 666 550 l’enneml'
690 516 727 550 ἴθ’
748 515 784 549 de
811 515 948 547 receuoir
971 512 1021 547 des
1036 512 1176 560 bleſjicres
1197 524 1212 553 ,·
1241 513 1280 545 ils
1312 512 1529 560 n'acquerront
1559 528 1618 560 pas
1648 531 1709 563 par
1730 519 1764 552 la

377 567 500 611 »sueur
517 579 549 600 ce
568 566 659 613 qu'i'ls
673 576 808 610 peiwent
829 564 948 597 obieni'r
968 575 1028 607 par
1051 562 1078 595 le
1087 562 1215 608 sang.»
1236 562 1279 596 ln
1294 561 1336 596 iis
1356 562 1501 611 quidem
1520 576 1635 611 pauca
1647 567 1765 604 omisit:

377 614 628 652 immutavitve
651 614 706 648 (jl.
724 613 767 649 de
784 611 1035 660 Montesquieu
1048 638 1058 654 ,
1075 610 1172 660 quod
1190 610 1341 658 scriptor
1361 611 1443 649 effet
1456 641 1464 655 ,
1479 626 1555 649 non
1577 613 1762 664 interpres,

377 667 484 703 Bona
510 664 702 713 probemus
725 691 734 706 ‚
778 661 1006 698 emendemus
1037 671 1164 697 cetera.
1191 660 1359 697 Tacitum
1387 673 1407 696 a
1440 662 1503 698 tali
1535 663 1637 707 viro,
1660 667 1762 713 quod

377 715 523 765 quidem
544 714 604 749 diu
621 713 809 749 meditatus
824 710 890 753 est,
916 710 955 746 in
969 710 1150 747 Gallicum
1167 710 1365 748 sermonem
1387 713 1524 748 versum
1548 726 1623 749 non
1638 714 1738 753 fuiffe
1752 747 1760 759 ,

378 766 516 813 semper
536 763 694 800 manebit
711 761 931 797 desiderium.

431 815 674 850 ELECTORUM
703 815 914 856 JUVENUM]
946 811 1012 846 Ms.
1026 810 1201 847 Arundel.
1219 814 1252 847 &
1267 811 1362 847 Cod.
1383 810 1498 860 Kapp.
1523 812 1560 847 ξφ
1581 815 1759 851 εἰεὲῗονιηη.

376 864 485 901 Unde
501 873 613 899 tentat
630 860 812 904 Ernestus,
837 862 874 896 &¹
888 863 1048 898 lefforum.
1078 860 1269 910 Eleganter
1288 861 1433 911 quidem
1446 892 1454 904 ‚
1475 861 1534 900 sed
1549 876 1625 900 non
1641 864 1759 902 neces-

383 915 487 952 sario.

424 965 469 1000 ΙΝ
493 974 563 999 sUA
586 975 715 999 GENTE
743 973 885 1005 CUIQUE
905 965 923 1007 ]
957 963 1075 1011 Cuique
1089 959 1185 998 abest
1199 962 1295 999 aMs.
1310 961 1425 1000 Vatic.
1445 964 1560 1010 2964.

431 1064 539 1100 CAP.
569 1062 666 1099 XIV.
689 1062 781 1098 NON
799 1065 1056 1107 ADAEQUARE]
1093 1062 1137 1098 In
1158 1061 1336 1099 veteribus
1359 1062 1603 1106 editionibus,
1628 1076 1689 1098 non
1715 1076 1761 1099 aee

399 1129 483 1149 llas?-

375 1128 394 1163 q
427 1166 666 1200 PRAEOEPUUM
691 1173 982 1198 SACRAMENTUM
1008 1164 1026 1207 ]
1070 1162 1113 1196 In
1140 1160 1320 1198 veteribus
1346 1161 1568 1198 editionibus
1585 1188 1596 1206 ,
1635 1165 1668 1199 &
1691 1162 1761 1203 ΜΓ,

376 1214 474 1264 apud
501 1213 655 1262 Lipsiurn
674 1241 683 1256 ‚
706 1213 1140 1259 principumsacramentum.

429 1265 484 1299 ET
510 1276 681 1299 FACILius
706 1274 825 1298 INTER
854 1273 1054 1298 ANCiPITIA
1081 1266 1364 1308 CLARESCUNT]
1395 1262 1436 1297 In
1453 1261 1605 1310 Spirensi
1623 1263 1760 1312 &Pog-

373 1314 481 1364 gianii
495 1312 733 1354 editionibus,
752 1313 936 1361 clarescant.
954 1310 1171 1348 Puteolanus
1188 1311 1438 1348 emendaverat
1452 1339 1462 1355 ,
1488 1313 1523 1346 ξφ
1553 1324 1587 1347 ιιι
1608 1339 1615 1347 .
1642 1338 1650 1347 .
1672 1338 1681 1347 ,
1710 1340 1718 1348 .
1745 1338 1756 1347 .

374 1365 556 1410 clarescant.

426 1413 593 1448 TUEARE
609 1415 626 1457 ]
657 1411 712 1447 Ita
729 1411 803 1447 Mss.
815 1411 933 1447 Vatic.
954 1413 1050 1458 1518
1071 1414 1104 1447 δε
1125 1414 1248 1457 4498,
1270 1421 1405 1448 veteres
1426 1423 1572 1461 quoque
1594 1413 1626 1446 &
1640 1423 1758 1447 recen-

371 1472 423 1499 tes
437 1462 626 1498 editiones.
654 1462 697 1496 In
717 1461 782 1497 ΜΓ.
794 1461 910 1497 Vatic.
927 1463 1030 1509 2964
1044 1464 1076 1495 ὃς
1092 1462 1216 1497 mediis
1240 1461 1460 1497 editionibus
1474 1489 1482 1505 ‚
1515 1473 1674 1496 tueantur.
1691 1461 1757 1496 ΜΓ.

371 1512 488 1548 Vatic.
509 1513 608 1548 1862
622 1539 632 1555 ,
649 1522 787 1547 tuentur.
811 1510 924 1548 Paulo
944 1511 1026 1546 ante
1052 1509 1146 1547 forte
1163 1510 1252 1547 olim
1265 1511 1433 1560 seriptum
1446 1537 1455 1553 ,
1477 1524 1626 1558 magnum
1638 1524 1757 1559 quoque

373 1575 550 1598 Humerum·

424 1611 516 1647 NAM
549 1622 704 1653 EPULAE,
728 1624 777 1647 ET
804 1615 1058 1657 QUAMQUAM]
1090 1612 1187 1648 Bene
1200 1609 1392 1646 Rhenanus
1411 1610 1699 1648 &Recentiores.
1713 1610 1758 1647 In

374 1661 553 1700 veteribus
572 1660 794 1698 editionibus
808 1691 816 1703 ,
843 1674 917 1696 nam
932 1662 1029 1707 epulae
1049 1662 1085 1697 ἐπ’
1110 1663 1268 1697 commus
1283 1688 1293 1704 ,
1320 1664 1388 1697 δίε.

424 1760 533 1798 CAP.
563 1760 641 1797 XV.
664 1760 737 1797 Im
761 1765 950 1807 HEBENT]
977 1760 1127 1809 Optime
1141 1760 1278 1810 Lipsius
1297 1773 1316 1796 e
1333 1760 1399 1795 Ms.
1417 1759 1557 1796 Fames.
1590 1758 1688 1794 Male
1719 1759 1756 1794 in

370 1811 524 1859 Spirensi
548 1810 735 1854 editione,
769 1811 827 1860 ipfi
851 1812 964 1846 liabent
992 1811 1094 1854 mini,
1129 1812 1194 1848 &a
1224 1809 1331 1846 Unde
1355 1808 1571 1846 Puteolanus
1588 1808 1756 1845 emenda-

371 1862 444 1903 vit,
466 1861 524 1909 ipfi
536 1863 649 1897 habent
668 1864 783 1896 miram
805 1860 1032 1908 diversitatem.

417 1911 498 1946 VEL
522 1923 821 1954 ARMENTORUM,
850 1922 922 1946 VEL
945 1913 1134 1955 FRUGUM]
1161 1911 1299 1947 Locum
1324 1909 1421 1945 hunc
1444 1909 1671 1945 imminutum
1688 1907 1754 1945 esse

371 1960 543 1997 existimat
564 1959 724 2009 Lipsius,
751 1963 785 1996 &
818 1959 969 2007 conjicit
1001 1960 1089 1995 olim
1113 1959 1283 2009 scriptum
1309 1959 1406 1995 fuiffe
1422 1987 1431 2003 ,
1460 1961 1542 1994 ultro
1567 1973 1602 1994 ac
1627 1962 1754 1994 viritim

369 2024 399 2044 ,r
426 2011 564 2056 conferre
577 2012 881 2050 velamentorum,
905 2013 970 2046 &o
987 2021 1025 2045 ut
1043 2009 1263 2060 intelligatur
1289 2012 1487 2045 Germanos
1518 2008 1672 2045 decimas
1697 2020 1753 2043 ar«

368 2072 573 2096 mentorum
603 2063 636 2096 δε
672 2060 813 2107 frugum
835 2059 1033 2096 contulisse.
1066 2059 1115 2094 At
1142 2060 1178 2097 in
1199 2059 1346 2109 vulgata
1366 2058 1537 2106 scriptura
1558 2058 1647 2094 nihil
1670 2070 1754 2106 pec-

369 2120 451 2152 cat3
480 2111 590 2145 immo
612 2109 765 2145 multum
789 2109 975 2158 elegantiae
1003 2123 1011 2145 :
1033 2108 1195 2159 intellige
1229 2111 1272 2145 id.
1310 2108 1378 2144 His
1401 2108 1570 2157 genitivis
1593 2107 1751 2157 gaudent

367 2158 558 2206 scriptores
576 2159 743 2195 Romani.
771 2158 956 2207 Perperain
977 2159 1166 2195 Bhenanus
1182 2174 1201 2196 e
1217 2158 1372 2207 vestigiis
1388 2157 1483 2193 Cod.
1495 2158 1610 2205 Kapp.
1631 2169 1749 2193 emen-

368 2208 498 2252 dabat,
524 2211 607 2244 ultro
624 2213 776 2257 equitium
789 2209 936 2256 confirre.
964 2209 1005 2244 In
1021 2208 1085 2245 illo
1100 2210 1228 2246 codiee
1250 2208 1421 2256 scriptum
1445 2207 1614 2256 corrupte
1639 2220 1674 2242 ac
1690 2209 1747 2254 ju-

368 2261 452 2294 rium
473 2271 540 2307 pro
556 2272 591 2292 ac
606 2262 731 2294 viritim
748 2286 757 2301 ‚
785 2270 824 2294 ut
848 2260 938 2295 reete
955 2259 1124 2295 observat
1140 2258 1311 2294 Ernestus.

419 2307 496 2348 SED
521 2313 713 2356 PUBLlCE]
743 2308 786 2345 In
803 2308 870 2349 ΜΓ.
885 2309 1060 2347 Arundel.
1072 2312 1104 2346 ὃς
1119 2309 1213 2346 Cod.
1231 2308 1347 2358 Kapp.
1366 2308 1426 2344 Sed
1442 2306 1621 2353 &publica

1478 2410 1597 2452 CAP.
1633 2408 1751 2451 XVI.
