1952 2708
389 182 728 225 DIALOGUS
763 181 849 221 DE
884 183 1324 230 ORATORIBUS.
1461 202 1541 241 151

163 264 338 315 facilius,
358 262 567 319 propositis
588 259 805 316 exemplis,
826 276 1032 317 appareat,
1061 265 1201 317 quibus
1224 267 1408 321 gradibus
1425 269 1546 314 fraSta

162 330 207 369 fit
232 332 271 368 δε
295 327 499 368 deminuta
523 323 766 379 eloquentia.
794 324 1055 381 Appropera,
1085 328 1213 380 inquit
1240 330 1452 373 Maternus
1467 364 1479 385 ,
1507 340 1548 377 ὅς

160 393 292 448 potius
319 389 480 430 exsolve
511 387 763 444 promissum:
793 402 920 441 neque
956 390 1063 428 enim
1085 391 1165 431 hoc
1188 391 1329 448 colligi
1354 395 1548 440 desidera-

161 469 276 503 mus,
309 453 532 494 disertiores
565 451 639 492 esse
671 453 882 504 antiquos,
913 452 1019 505 quod
1050 454 1154 508 apud
1191 469 1254 494 me
1291 458 1476 510 equidem
1506 463 1547 502 in

106 523 132 563 5
163 517 340 559 confesso
364 517 443 566 est,
479 515 544 556 sed
576 515 710 556 causas
735 516 977 568 exquirimus
994 544 1006 565 ,
1036 531 1129 569 quas
1155 530 1195 557 te
1221 516 1383 559 solitum
1408 523 1548 564 traeta-

160 595 202 621 re
222 586 231 602 ¹
260 610 272 630 ,
305 579 441 636 paullo
470 578 561 619 ante
576 608 589 628 ,
616 576 734 634 plane
767 579 926 618 mitiore
955 577 1183 632 eloquentia
1201 609 1213 630 ,
1245 584 1286 621 ὅ(
1315 594 1543 638 temporum

160 645 409 692 nostrorum,
440 643 602 682 miratus
625 645 636 661 ²
660 671 672 693 ,
704 655 915 695 antequam
938 655 977 682 te
1001 643 1110 697 Aper
1131 644 1353 684 offenderet
1378 646 1546 698 majores

160 720 251 747 tuos
274 706 513 747 laceffendo.
540 706 639 745 Non
666 705 749 744 sum
766 734 777 754 ,
809 706 967 758 inquit,
995 706 1168 748 offensus
1195 705 1348 763 Aprinss.
1372 709 1544 764 disputa-

160 772 296 816 tione3
334 785 408 810 nec
440 783 512 808 vos
542 768 694 808 offendi
724 767 909 818 decebit,
944 768 969 807 fi
997 769 1091 822 quid
1122 770 1225 811 forte
1253 785 1365 812 aures
1402 773 1546 814 vestras

84 845 133 872 10
162 834 414 889 perstringet3
436 834 526 873 cum
546 832 678 872 sciatis
698 832 801 872 hanc
821 831 896 871 effe
918 830 1113 883 ejusmodi
1134 833 1361 874 sermonum
1383 833 1515 890 legem
1530 865 1544 886 ‚

158 895 354 949 judicium
375 897 522 945 animi,
552 895 651 935 citra
672 894 859 934 damnum
882 895 1041 935 affefi‘tfis
1056 925 1069 945 ,
1100 897 1287 951 proferre.
1309 898 1432 952 Perge
1447 929 1459 949 ,
1490 900 1546 939 in·²

158 961 245 1013 quit
270 958 511 1007 statuemus,
552 961 592 998 ὅ(
621 960 712 998 cum
742 958 790 998 de
814 958 985 1011 antiquiS
1013 956 1211 1011 loquaris,
1245 973 1355 1001 utere
1382 960 1545 1015 antiqua

158 1022 340 1063 libertate
362 1052 375 1073 ,
409 1038 431 1064 a
463 1018 539 1075 qua
569 1020 635 1061 vel
666 1022 791 1076 magis
828 1021 1155 1075 degeneravimus
1176 1053 1190 1074 ,
1224 1022 1342 1077 quam
1380 1023 1426 1065 ab
1455 1024 1544 1065 elo-

161 1084 336 1140 quentia.

83 1159 130 1198 15
222 1148 452 1191 XXVIII.
486 1147 554 1187 ET
584 1146 783 1199 Meffizla,
811 1162 893 1187 non
924 1148 1173 1198 reconditas,
1203 1149 1418 1199 Materne,
1446 1165 1542 1190 cau-

158 1212 217 1253 sas
244 1213 408 1266 requiris
425 1240 437 1261 ,
472 1226 548 1252 nec
578 1223 646 1250 aut
672 1209 857 1266 tibiipsi,
884 1224 952 1251 aut
974 1210 1074 1251 huic
1097 1213 1316 1262 Secundo,
1346 1212 1411 1252 vel
1445 1214 1542 1254 huic

158 1276 272 1331 Apro
305 1277 490 1329 ignotas,
529 1273 677 1314 etiamsi
711 1274 809 1313 mihi
848 1287 975 1328 partes
1010 1274 1218 1328 adsignatis
1243 1275 1471 1330 proferendi
1500 1277 1542 1317 in

157 1339 356 1388 medium,
378 1352 460 1391 quae
482 1351 620 1377 omnes
643 1337 845 1376 sentimus.
864 1337 967 1390 Quis
988 1338 1095 1376 enim
1116 1338 1274 1391 ignorat
1294 1342 1332 1378 ὅ(
1354 1337 1543 1391 eloquen<

157 1403 280 1451 tiam,
309 1405 349 1442 &
379 1414 528 1441 ceteras
556 1412 657 1440 artes
674 1429 687 1450 ,
716 1399 920 1440 descivisse
946 1398 993 1440 ab
1025 1397 1093 1440 ista
1114 1414 1248 1441 vetere
1275 1399 1429 1455 gloria,
1460 1416 1543 1441 non

76 1477 131 1504 20
157 1455 295 1520 'inopia
318 1465 556 1513 hominum,
583 1462 650 1503 sed
681 1461 824 1503 defidifi
848 1460 1096 1514 juventutis,
1127 1467 1167 1503 ὃς
1197 1462 1443 1518 negligentia
1473 1479 1542 1520 pa-

159 1541 315 1568 rentum
332 1557 344 1577 ,
375 1531 414 1568 ὃ(
436 1524 645 1567 inscientia
669 1526 1010 1581 prazcipientium,
1038 1531 1079 1567 &c
1103 1525 1310 1567 oblivione
1333 1529 1453 1568 moris
1477 1542 1546 1567 an·-

157 1591 287 1644 tiqui?
316 1605 398 1644 quae
424 1587 528 1629 mala
553 1590 724 1645 primum
748 1590 789 1628 in
812 1588 917 1629 Urbe
939 1602 1030 1629 nata
1046 1619 1057 1639 ,
1087 1603 1183 1630 mox
1204 1604 1273 1644 per
1296 1589 1455 1630 Italiam
1482 1589 1544 1630 fu·-

157 1653 224 1703 sa,
251 1651 329 1705 jam
358 1655 399 1693 in
429 1653 655 1708 provincias
681 1665 864 1692 manant:
896 1667 1133 1706 quamquam
1172 1653 1300 1693 nostra
1327 1652 1442 1693 nobis
1469 1667 1546 1693 no-

157 1717 260 1757 tiora
286 1716 388 1757 sunt.
413 1715 502 1770 Ego
530 1715 578 1757 de
601 1714 733 1765 Urbe,
766 1719 807 1756 ὅ(
834 1716 894 1756 his
924 1717 1091 1771 propriis
1115 1731 1160 1756 ac
1181 1714 1407 1756 vernaculis
1435 1717 1542 1756 vitiis

76 1789 128 1826 25
159 1778 329 1833 loquar,
354 1794 436 1833 quae
463 1792 577 1820 natos
606 1779 731 1819 statim
772 1779 1006 1834 excipiunt,
1044 1783 1084 1819 ὅ(
1118 1794 1187 1835 per
1220 1778 1394 1834 singulos
1421 1780 1544 1819 aetatis

160 1843 301 1897 gradus
328 1841 609 1889 cumulantur3
642 1842 666 1881 fi
693 1842 797 1897 prius
819 1842 866 1882 de
888 1842 1097 1883 severitate
1120 1857 1166 1883 ac
1189 1840 1397 1898 disciplina
1417 1840 1543 1893 majo-

159 1920 247 1944 rum
272 1906 377 1946 circa
399 1906 627 1946 educandos
651 1904 959 1959 formandosque
984 1904 1131 1946 liberos
1160 1921 1286 1961 pauca
1312 1905 1543 1960 praedixero.

160 1968 249 2011 Jam
270 1969 465 2023 primum,
488 1969 577 2009 suus
599 1970 742 2021 cuique
762 1967 865 2008 filius
882 1997 894 2017 ,
916 1983 965 2008 ex
989 1966 1089 2009 casta
1113 1982 1275 2024 parente
1297 1981 1435 2018 natus,
1459 1983 1541 2009 non

160 2032 203 2070 in
230 2029 332 2072 cella
359 2044 498 2086 emptae
524 2032 690 2072 nutricis
707 2060 718 2081 ,
751 2030 816 2071 sed
839 2033 994 2086 gremio
1019 2047 1064 2072 ac
1092 2031 1173 2070 sinu
1194 2032 1327 2071 matris
1351 2031 1542 2072 educ-aba*

74 2107 131 2151 30
160 2107 252 2144 tur,
284 2092 396 2144 cujus
432 2095 627 2150 praecipua
658 2093 742 2134 laus
767 2108 875 2144 erat,
904 2096 1005 2134 tueri
1042 2095 1206 2134 domum
1225 2123 1238 2144 ,
1274 2097 1314 2134 &
1350 2093 1541 2135 inservire

158 2156 304 2197 liberis.
324 2155 558 2210 Eligebatur
578 2170 708 2197 autem
731 2155 862 2209 aliqua
885 2155 1011 2208 major
1039 2170 1134 2197 natu
1156 2158 1404 2212 propinqua,
1428 2155 1542 2209 cujus

160 2219 333 2277 probatis
360 2219 617 2275 spefflatisque
638 2218 814 2260 moribus
837 2221 966 2260 omnis
990 2218 1165 2272 ejusdem
1196 2219 1352 2260 familiae
1383 2219 1542 2261 soboles

203 2367 212 2381 ¹
246 2364 385 2395 Son-rum
415 2376 577 2397 ‘runca-Ant
599 2367 614 2403 ]
645 2365 725 2397 Vide
747 2364 831 2404 supra
871 2364 1041 2403 rarifitmur.
1068 2364 1205 2403 intelligi
1224 2372 1327 2395 tamen
1352 2363 1468 2406 potest,
1487 2362 1541 2390 nsi--

163 2411 228 2439 cap.
247 2412 299 2439 15;
315 2404 348 2433 &
361 2414 435 2435 mox
448 2405 527 2435 infra
538 2416 602 2444 cap.
617 2409 654 2436 28
670 2406 703 2436 &
718 2404 800 2444 seqq.
871 2413 949 2432 rarus
958 2404 1028 2441 sum.
1049 2404 1128 2435 Vide
1140 2405 1240 2436 Notas
1253 2405 1286 2437 ὃς
1300 2405 1542 2435 Emendationes

203 2443 213 2457 ²
235 2441 406 2481 Mumrus]
430 2445 525 2477 Forte
539 2445 768 2476 emendandum
779 2443 831 2474 mi-
872 2444 909 2475 ad
919 2453 983 2483 cap.
998 2454 1046 2483 27,
