1952 2708
363 175 701 227 DIALOGUQ
734 172 818 214 DE
853 173 1291 216 ORATORIBUS.
1467 189 1550 226 139

164 256 370 301 tur?'Satis
390 257 542 297 constat
562 269 612 295 ne
628 253 819 294 Ciceroni
841 252 1002 306 quidem
1026 253 1308 296 obtrectatores
1326 261 1336 278 ¹
1367 254 1552 308 defuisse,

166 319 308 375 quibus
331 319 490 359 inflatus
507 347 520 368 ‚
549 321 590 358 ὅ(
614 330 772 358 tumens
787 344 800 366 ,
829 331 905 356 nec
931 315 1022 356 satis
1044 316 1190 370 pressus
1205 345 1217 364 ‚
1245 317 1311 357 sed
1334 319 1446 374 supra
1467 334 1552 359 mo-

165 384 260 425 dum
289 381 519 432 exsultans,
550 385 591 422 &
620 380 893 436 superfluens,
926 382 966 418 &
999 393 1138 434 parum
1167 379 1328 419 Atticus
1354 384 1367 400 ²
1395 382 1553 422 videre-

166 460 244 488 tur.
269 446 438 500 Legistis
463 446 602 499 utique
629 448 670 485 &
693 442 811 483 Calvi
835 446 875 482 ὅ(
901 441 1016 482 Bruti
1041 446 1050 469 ³
1084 441 1132 481 ad
1160 440 1403 482 Ciceronem
1426 445 1553 486 missas

115 517 139 558 5
168 508 372 566 epistolas:
401 523 451 549 ex
473 507 614 563 quibus
634 506 753 548 facile
775 506 827 547 est
849 504 1146 560 deprehendere
1160 533 1173 554 ,
1198 503 1370 544 Calvum
1393 507 1554 560 quidem

168 573 361 613 Ciceroni
381 572 509 612 visum
531 571 774 626 exsanguem
794 573 835 610 &
859 569 1037 609 attritum
1061 597 1074 618 ,
1108 567 1276 608 Brutum
1300 582 1432 609 autem
1454 571 1554 611 otio-

165 637 254 677 sum
273 641 291 664 4
311 649 428 689 atque
447 633 699 687 disjunffmm.
720 633 973 686 Rursumque
1001 631 1243 672 Ciceronem
1267 646 1289 671 a
1312 630 1442 671 Calvo
1469 635 1558 685 qui-

168 699 260 740 dem
288 697 392 739 male
419 698 607 739 audivisse
621 727 634 748 ,
663 711 866 750 tamquam
894 694 1071 736 solutum
1092 699 1132 736 ὃς
1151 709 1362 735 enervem:
1390 710 1411 735 a
1431 695 1557 736 Bruto

169 774 302 803 autem
318 790 331 812 ,
357 774 402 801 ut
425 762 542 817 ipsius
570 760 700 802 verbis
728 772 843 810 utar,
874 771 1077 812 tamquam
1098 758 1263 798 fracium
1289 771 1407 812 atque
1432 757 1559 798 elum-

87 837 142 863 ⁴10
168 825 273 866 bem.
297 826 339 865 Si
362 839 426 864 me
456 826 706 880 interroges,
736 838 875 864 omnes
897 823 997 861 mihi
1023 822 1209 862 videntur
1236 836 1375 862 verum
1408 821 1560 862 dixisse.

94 1152 141 1191 15

169 889 249 929 Sed
274 902 370 928 mox
396 887 444 928 ad
471 887 646 944 singulos
673 888 858 937 veniam,
892 900 1001 926 nunc
1027 886 1126 924 mihi
1154 900 1246 926 cum
1275 885 1463 926 universis
1489 899 1560 925 ne-

172 953 331 1008 gotium
358 952 424 991 est.

233 1015 362 1056 XIX.
395 1016 511 1055 NAM
535 1027 728 1068 quatenus
753 1015 1008 1067 antiquorum
1038 1012 1295 1052 admiratores
1319 1012 1430 1051 hunc
1450 1009 1563 1051 velut

171 1079 387 1119 terminum
408 1079 654 1132 antiquitatis
678 1079 916 1119 constituere
937 1074 1068 1116 solent
1082 1106 1094 1126 ,
1115 1090 1234 1129 quem
1253 1075 1376 1128 usque
1396 1074 1445 1114 ad
1466 1073 1563 1114 Cas-
1592 1073 1596 1080 ’

173 1142 268 1182 sium
291 1143 485 1182 Severum
509 1146 521 1173 5
550 1141 732 1191 faciunt,
763 1155 882 1194 quem
905 1140 1077 1194 primum
1104 1138 1312 1179 adfirmant
1338 1137 1487 1178 flexiffe
1514 1136 1562 1177 ab

175 1280 273 1319 Antiq.
294 1281 388 1310 Tom.
415 1280 454 1309 II.
477 1289 544 1318 pag.
559 1289 630 1316 237.
651 1279 702 1309 Ob
719 1278 796 1308 hanc
812 1289 850 1309 ae-
887 1277 970 1307 inter
984 1277 1118 1307 summos
1140 1277 1226 1307 viros
1247 1275 1426 1313 aemulatio,
1450 1275 1487 1306 de
1506 1275 1566 1314 qua

176 1321 247 1355 dem
265 1319 402 1349 Bellonae
424 1319 462 1348 de
475 1318 577 1357 Appio
600 1317 679 1348 dixit
692 1318 825 1349 Ovidius
840 1341 848 1354 ‚
888 1316 1104 1354 Quintilianus
1127 1338 1136 1349 ,
1165 1315 1283 1354 InJlirur.
1314 1316 1396 1344 Orat.
1423 1316 1479 1345 XII
1500 1335 1509 1348 ‚
1538 1326 1567 1346 1.

175 1359 253 1389 Fast.
277 1359 339 1395 VI,
362 1368 432 1387 201.
886 1356 982 1394 Neque
1007 1355 1056 1395 ipfi
1076 1354 1203 1384 Ciceroni
1227 1353 1423 1393 Demosthenes
1441 1354 1566 1384 videtur

209 1408 263 1433 Hac
272 1409 367 1439 sacrata
378 1408 413 1432 die
424 1407 494 1437 Tusco
503 1407 600 1431 Bellona
611 1407 687 1431 duello
878 1395 953 1440 fluis
982 1395 1029 1434 effe
1054 1394 1186 1432 perfec‘lur
1203 1418 1212 1431 ,
1234 1404 1309 1432 quem
1324 1393 1469 1422 dormitare
1493 1394 1566 1422 inte-

243 1443 341 1466 Dicitur
350 1460 357 1470 ,
369 1442 393 1465 ἐφ’
405 1442 471 1465 Latio
480 1440 685 1474 prosperasemper
695 1440 764 1471 adest.

210 1475 297 1509 Appius
311 1475 341 1507 eft
350 1475 441 1503 αυὲἷσν,
454 1476 543 1508 Pyr-rho
556 1475 592 1507 qui
602 1482 657 1506 pace
668 1473 755 1506 negotii

245 1511 346 1534 Mulsum
359 1510 435 1534 animo
446 1509 505 1533 vidit
519 1528 526 1537 ‚
546 1508 631 1532 lumine
644 1517 715 1532 circus
726 1514 783 1531 eruic.

178 1553 226 1582 Dc
244 1551 368 1591 egregio
393 1551 449 1581 illo
477 1550 547 1581 sene
567 1551 639 1581 vide
662 1550 851 1582 Ciceronem

179 1592 212 1622 in
232 1591 313 1622 libro
338 1591 376 1620 de
387 1593 549 1621 Senectute
563 1614 572 1626 ‚
589 1591 641 1620 VI.

222 1636 229 1650 ¹
256 1633 529 1661 OBTRECTATORES
549 1631 564 1667 ]
599 1629 645 1659 De
664 1629 709 1660 his
728 1630 852 1660 obtrec-

179 1670 332 1701 tatoribus
369 1669 583 1706 Quintilianus
603 1692 612 1706 ,
640 1668 729 1708 Instir.
769 1669 851 1699 Orat.

181 1711 239 1740 XII
255 1733 264 1747 ‚
286 1720 331 1739 ιο.
357 1709 545 1739 Ciceronem
566 1707 713 1747 &suorum
734 1709 853 1737 homines

179 1758 325 1785 temporum
343 1748 466 1788 inceſjere
487 1747 624 1777 audebant
641 1771 649 1784 ,
672 1759 700 1777 ur
722 1748 853 1778 tumidio-

181 1798 237 1816 rem
257 1787 286 1817 Cr'
304 1787 453 1827 Asianum,
474 1787 504 1817 ft·
517 1787 714 1817 redundantem
734 1812 744 1824 ‚
770 1788 800 1817 Cr
825 1789 853 1817 in

180 1827 387 1863 repetitionibus
405 1827 517 1856 nimium
532 1852 541 1864 ‚
567 1826 596 1856 Εν·
619 1827 648 1856 in
671 1828 778 1866 salibus
800 1828 854 1857 nli-

181 1865 288 1905 quando
302 1866 344 1903 fri
367 1866 439 1896 idum
457 1889 466 1902 ‚
481 1867 511 1896 Cr
531 1868 560 1896 in
576 1867 760 1906 compositione
769 1866 855 1904 frac-

181 1915 239 1935 tum
257 1929 266 1943 ‚
286 1906 346 1944 exsu
360 1916 463 1935 tantem
482 1930 491 1943 ‚

181 1944 271 1984 algsir)
291 1946 348 1974 viro
364 1945 518 1976 molliorem.

224 1988 235 2000 ²
258 1985 372 2014 Panum
399 1987 569 2023 Arncus]
596 1986 721 2026 Antiqua
747 1994 855 2017 orato-

185 2033 254 2067 {jum
280 2023 372 2063 divisio
399 2024 472 2053 inter
494 2024 612 2064 Asianos
639 2035 718 2065 atque
748 2026 858 2054 Atticos

177 2063 238 2100 fuit
256 2087 266 2099 ‚
298 2063 358 2092 ciem
377 2063 403 2092 lzi
418 2063 494 2103 preffi
516 2064 545 2093 Εν
559 2065 684 2104 integri,
697 2067 794 2094 contrd
809 2066 857 2094 in·-

174 2102 246 2142 flati
269 2101 309 2131 illi
329 2101 359 2131 ὓ
374 2103 473 2132 inanes
489 2103 665 2134 haberentur.
677 2127 684 2134 .
695 2104 803 2135 .Attici
823 2104 859 2132 li-

184 2141 254 2170 mati
269 2141 372 2179 quidem
393 2141 423 2171 Cr
440 2143 555 2171 emunffi
575 2143 645 2172 nihil
668 2144 752 2172 inane
765 2152 798 2172 ac
817 2153 860 2172 re-

184 2180 317 2210 dundans
340 2181 480 2219 ferebant.
514 2181 620 2221 Asiana
643 2192 714 2222 gens
734 2182 861 2212 tumidior

188 2220 289 2257 alioqui
313 2231 392 2257 atque
410 2221 577 2259 jat‘laritior,
590 2223 704 2251 vaniore
718 2222 801 2251 etiam
815 2221 861 2251 cli-

189 2260 267 2289 cendi
280 2260 370 2300 glorici
391 2261 489 2300 inflata
514 2261 557 2300 est.
583 2262 772 2292 Ciceronem
790 2273 862 2301 prae-

191 2299 280 2343 cipue
298 2301 480 2338 premebant
498 2323 507 2335 ‚
527 2301 572 2339 qui
597 2301 683 2330 videri
709 2301 861 2330 Atticorum

191 2338 343 2381 mii-ratores
367 2339 639 2378 concupiscebant.
660 2340 739 2372 Vide
758 2341 863 2378 Quin—

191 2377 340 2408 tilianum
353 2403 362 2415 ‚
375 2379 437 2409 loc.
453 2379 504 2409 cit.

234 2421 244 2442 ³
270 2417 376 2451 Carvi
399 2429 436 2449 1-:1-
454 2420 583 2456 Βῑωτι]
612 2420 657 2450 Ea
670 2418 730 2451 fuit
751 2419 865 2458 semper

523 1916 556 1936 ac
576 1917 644 1944 pene
660 1910 671 1943 (
685 1906 752 1946 quod
761 1907 855 1944 procul

889 1445 938 1464 rim
954 1434 1020 1464 dicit
1041 1446 1049 1462 :
1072 1445 1121 1463 nec
1134 1433 1229 1464 Cicero
1246 1433 1331 1462 Bruto
1349 1432 1486 1471 Caluoque
1499 1455 1506 1467 ,
1521 1433 1566 1471 qui

889 1476 959 1503 certe*
976 1473 1186 1513 compositionem
1204 1472 1280 1502 illins
1293 1496 1301 1509 ‚
1326 1472 1408 1502 eriam
1429 1471 1501 1509 apud
1521 1474 1566 1508 ip-

880 1515 941 1552 fl‘m
956 1513 1153 1550 reprehendun:
1172 1526 1181 1542 :
1202 1523 1251 1541 nec
1268 1512 1361 1552 Afinio
1378 1512 1483 1550 utrique
1497 1535 1506 1548 ‚
1522 1511 1568 1549 qui

889 1553 958 1582 viria
983 1553 1117 1582 orationis
1140 1553 1198 1590 ejus
1219 1552 1303 1581 etiam
1321 1551 1431 1580 inimice*
1443 1551 1570 1588 pluribus

889 1593 917 1622 in
932 1593 999 1621 [orit
1015 1593 1198 1631 insequuntur.

929 1638 944 1656 4
965 1635 1136 1666 Onosum]
1160 1631 1268 1662 Manet
1284 1629 1422 1668 Lipsius,
1434 1629 1568 1668 odinfiim:

891 1671 922 1701 id
936 1672 993 1707 est,
1017 1671 1227 1702 adfectatione
1250 1669 1384 1708 quadam
1402 1670 1435 1700 &
1453 1669 1569 1707 asperi-

891 1720 955 1742 tate
980 1711 1127 1741 dictionis
1160 1710 1335 1740 molestum.
1364 1711 1405 1738 At
1428 1710 1537 1738 Brutus
1561 1731 1570 1744 ‚

892 1759 1002 1790 utpote
1020 1750 1224 1781 sententiosus
1248 1750 1281 1780 ὃς
1303 1747 1445 1778 animosa
1463 1748 1571 1785 philo-

893 1790 999 1829 sophia
1018 1791 1126 1827 plenus
1152 1789 1256 1828 potuit
1272 1788 1390 1818 otiosus
1415 1787 1472 1816 ess'e
1490 1787 1572 1817 circa

894 1830 1062 1860 sententias
1078 1827 1359 1868 &philosophicos
1382 1827 1469 1856 locos
1490 1837 1499 1863 3
1529 1826 1571 1856 ita

894 1869 1008 1900 Cicero
1023 1869 1082 1899 fuit
1095 1869 1192 1907 oticfiis
1207 1869 1282 1896 circa
1299 1866 1431 1905 excqffus,
1450 1873 1483 1895 ut
1495 1875 1572 1895 mox

895 1909 1015 1939 dicetur
1030 1907 1110 1938 infra
1127 1918 1195 1947 cap.
1214 1918 1263 1937 22.
1278 1905 1454 1944 Disjuncium
1468 1913 1572 1935 autem

895 1948 1037 1987 intellige
1051 1972 1060 1985 ‚
1088 1958 1152 1987 quo
1168 1947 1253 1977 sensu
1267 1947 1415 1976 Senecam
1436 1944 1573 1983 appella-

895 1989 948 2018 bat
965 1989 1002 2018 C.
1013 1987 1159 2027 Caligula
1171 2011 1179 2020 ,
1191 1987 1312 2016 Arenam
1321 1985 1384 2024 fine
1402 1984 1487 2012 calce.
1498 1986 1573 2014 Sue-

895 2035 964 2058 ton.
978 2027 1011 2057 in
1026 2027 1106 2058 Caio
1125 2026 1258 2063 Caligul.
1274 2026 1356 2054 LIII.
1370 2023 1457 2054 Talis
1468 2031 1573 2054 autem

897 2067 1081 2105 eloquentia
1106 2066 1238 2096 decebat
1261 2066 1390 2094 Brutum
1408 2086 1416 2099 ‚
1446 2062 1484 2093 de
1509 2073 1572 2101 quo

897 2106 995 2135 Julius
1011 2105 1108 2135 Caesar
1125 2105 1232 2135 solitus
1253 2111 1318 2134 erat
1331 2103 1434 2133 dicere
1448 2113 1455 2132 ι
1473 2112 1572 2132 ΜΑρΝι

900 2155 1018 2175 Rerum
1039 2168 1048 2181 ‚
1073 2154 1124 2174 mc
1156 2155 1232 2180 Qum
1255 2154 1351 2175 vemn
1372 2153 1378 2172 τ
1405 2152 1460 2172 SED
1482 2153 1573 2177 Quin-

899 2196 975 2220 Qum
1006 2195 1110 2219 vom,
1136 2195 1244 2215 varon
1269 2192 1365 2214 νοιτ.
1390 2181 1502 2212 Cicero
1519 2182 1574 2219 Ep.

899 2224 938 2254 ad
952 2224 1091 2254 Atticum
1106 2224 1193 2259 XIV,
1220 2233 1244 2253 ι.
1258 2220 1422 2261 Infra-cap.
1440 2231 1488 2250 21.
1507 2230 1573 2251 mc-

900 2271 1038 2294 moratur
1051 2263 1137 2293 Bruti
1157 2260 1353 2301 philosophia
1366 2284 1374 2296 ‚
1395 2259 1554 2290 lentitudo
1564 2282 1574 2296 ,

901 2311 1000 2342 tepor.
1016 2303 1092 2332 Inde
1106 2302 1222 2332 otiosus
1235 2301 1283 2331 hle
1298 2300 1421 2330 dicitur.

944 2348 953 2368 5
976 2344 1025 2372 AD
1041 2343 1182 2372 CAsst
1196 2341 1369 2376 SEVERUM]
1380 2340 1456 2369 Puto
1472 2345 1576 2367 emen-

903 2381 1055 2419 dandum,
1066 2379 1316 2421 constituere-solent
1329 2380 1406 2417 usque
1417 2375 1575 2414 adCaffium

903 2420 1034 2450 Severum
1062 2444 1072 2459 ,
1108 2431 1184 2461 quem
1204 2430 1276 2450 reum
1287 2419 1401 2456 faciunt
1418 2439 1426 2453 ‚
1452 2424 1576 2454 quemque

1286 2478 1361 2531 Sij
