1952 2708
358 153 450 192 454
793 129 1308 173 APPENDIX

355 228 433 252 non
455 212 584 253 ferret,
607 211 641 246 &
664 208 767 245 insita
790 208 951 246 vanitate
976 208 1215 245 contumelias
1235 208 1374 246 odisset.
1406 208 1587 245 Omnibus
1615 210 1750 259 pariter

356 262 513 300 infensus
530 287 539 303 ‚
565 260 777 309 secretoque
792 259 917 308 palatii
935 287 944 302 ‚
978 270 1039 295 aut
1052 259 1090 294 in
1103 259 1250 295 Albano
1264 259 1328 295 suo
1351 260 1359 275 ¹
1387 259 1556 296 conditus
1573 288 1583 304 ,
1608 272 1750 299 atroces

351 316 420 350 iras
435 311 638 350 meditatur.
661 310 752 347 Inde
773 309 812 345 in
838 308 991 345 deterius
1014 319 1139 344 ruente
1157 309 1385 357 principatu,
1415 309 1592 347 delatores
1618 338 1627 354 ‚
1663 312 1750 348 hac-

353 375 457 401 tenus
481 361 645 412 repressi,
671 359 839 396 licentius
865 358 1037 407 irrupere.
1073 358 1184 394 Ursus
1212 389 1220 401 ,
1257 359 1343 394 talia
1361 359 1537 408 Principis
1567 361 1748 399 dedecora

351 414 451 450 haud
480 424 587 462 aequo
621 410 746 447 animo
780 409 918 454 ferens,
944 409 982 445 in
1015 408 1205 445 discrimen
1231 408 1402 445 adduffus
1424 410 1452 445 ².
1476 411 1525 446 At
1545 423 1651 460 quam
1669 413 1747 462 ipse

357 463 537 501 Domitiae
554 490 564 506 ‚
584 461 680 497 hanc
695 460 751 497 illi
769 460 916 497 salutem
935 459 1055 496 attulit
1070 458 1165 496 Julia
1179 459 1204 494 ³.

409 512 582 550 Invidum
601 522 721 549 autem
734 510 911 559 Principis
927 510 1086 546 animum
1101 508 1217 544 acrius
1230 508 1339 545 ussere
1357 508 1488 552 literae,
1509 509 1553 545 ab
1570 509 1748 559 Agricola

353 564 460 601 missae
478 591 487 607 ‚
510 562 638 613 quibus
658 575 711 599 res
724 561 762 597 in
776 560 963 597 Britannia
981 558 1085 609 gestte
1099 558 1356 595 nuntiabantur
1367 560 1395 595 4.
1411 559 1633 597 Recurrebat
1647 560 1744 598 enim

353 614 429 650 falfi
446 613 621 662 triumphi
641 612 773 661 pudor.
810 611 960 647 Suberat
979 613 1012 646 ὃς
1039 609 1246 660 indignatio
1269 622 1390 646 veram
1411 612 1444 646 ὃς
1468 623 1635 660 magnam
1664 610 1747 648 vic—

353 664 487 701 toriam
501 691 511 708 ,
536 674 594 700 tot
612 662 770 698 millibus
787 660 945 697 hostium
974 660 1067 696 caefis
1083 688 1093 704 ,
1113 660 1252 710 ingenti
1269 660 1364 696 fama
1390 660 1573 697 celebrari.
1601 661 1749 697 Formi-

354 714 525 751 dolosum
543 713 735 750 videbatur
763 711 897 760 privati
928 710 1087 747 hominis
1114 723 1249 747 nomen
1269 710 1373 759 supra
1389 710 1567 760 Principis
1595 711 1716 747 attolli
1736 725 1750 756 ,‘

352 765 616 813 militaremque
632 762 789 812 gloriam
811 761 997 808 occupari.
1023 761 1163 797 Odium
1183 772 1303 798 tamen
1319 761 1480 810 reposuit
1498 789 1508 805 ‚
1545 761 1665 797 donec
1686 761 1749 797 im-

353 826 459 864 petus
477 815 578 850 famae
597 816 630 849 ὃς
645 812 750 848 favor
766 812 940 849 exercitus
952 811 1207 861 languesceret.
1235 810 1329 847 Nam
1346 811 1454 848 etiam
1480 823 1556 847 tum
1572 811 1748 860 Agricola

353 864 577 902 Britanniam
610 862 812 899 obtinebat.
851 862 966 911 Igitur
996 861 1230 910 triumphalia
1267 872 1478 899 ornamenta
1502 889 1512 905 ,
1543 865 1576 898 ὃς
1604 860 1747 897 illustris

354 915 475 951 statuze
502 914 708 956 honorem,
737 916 771 949 ὃς
801 912 979 962 quidquid
1001 925 1068 961 pro
1090 912 1277 961 triumpho
1307 911 1410 948 datur
1428 940 1438 956 ,
1474 911 1590 948 multo
1615 911 1748 948 verbo-

353 978 432 1001 rum
454 965 598 1001 honore
627 963 807 1000 cumulata
825 991 834 1006 ‚
862 962 1005 1000 decerni
1030 962 1068 998 in
1088 962 1211 998 senatu
1239 962 1340 1012 jubet
1377 976 1385 998 :
1417 961 1574 1011 addique
1602 961 1749 1011 insuper

355 1015 573 1064 opinionem
592 1013 756 1061 :Syriam
781 1013 1011 1061 provinciam
1038 1012 1225 1062 Agricolae
1255 1012 1447 1055 destinari,
1485 1024 1637 1048 vacuam
1672 1022 1750 1048 tum

352 1076 471 1102 morte
501 1063 607 1099 Atilii
635 1063 716 1098 Rufi
751 1062 946 1100 consularis
970 1091 979 1105 ‚
1003 1065 1036 1098 ὃς
1060 1062 1254 1111 majoribus
1282 1063 1506 1099 reservatam.
1533 1062 1711 1111 Agricola
1734 1089 1746 1106 ‚

355 1115 488 1151 tradita
507 1113 695 1150 successori
721 1113 786 1149 suo
803 1112 926 1162 quieta
940 1112 1089 1162 tutaque
1105 1112 1297 1161 provincia
1311 1140 1320 1155 ,
1347 1111 1498 1148 Romam
1524 1112 1682 1148 revertit.
1699 1112 1749 1148 At

352 1177 399 1201 ne
425 1164 600 1201 notabilis
619 1163 828 1200 celebritate
857 1166 890 1200 ὃς
922 1162 1123 1213 frequentia.
1144 1162 1413 1199 occurrentium
1442 1161 1611 1198 introitus
1638 1161 1749 1204 esset,

354 1215 472 1251 vitato
494 1214 695 1251 amicorum
718 1213 843 1249 officio
857 1242 866 1257 ‚
884 1215 991 1250 noan
1010 1214 1047 1248 in
1058 1212 1195 1250 Urbem
1209 1240 1219 1256 ,
1246 1214 1356 1249 nostu
1371 1211 1408 1247 in
1424 1211 1598 1261 palatium
1616 1239 1625 1254 ‚
1647 1212 1750 1248 itaut

355 1276 576 1315 praeceptum
603 1274 700 1307 erat,
728 1264 828 1300 venit
855 1277 864 1300 :
893 1263 1135 1313 exceptusque
1165 1263 1265 1299 brevi
1297 1262 1425 1299 osculo
1442 1290 1451 1306 ‚
1483 1265 1516 1298 ὃς
1545 1261 1649 1298 nullo
1677 1261 1751 1297 ser-

352 1329 463 1352 mone
477 1343 487 1359 ,
504 1315 619 1351 turbae
642 1314 872 1350 servientium
896 1314 1088 1349 immixtus.
1117 1313 1356 1362 Impendebat
1374 1316 1407 1349 ὃς
1427 1312 1529 1348 ruina
1550 1343 1558 1355 ‚
1595 1312 1633 1347 ni
1656 1311 1748 1347 mili-

352 1376 429 1402 tare
454 1378 588 1401 nomen
605 1364 683 1400 aliis
697 1363 889 1400 virtutibus
917 1364 1139 1412 temperasset
1156 1378 1166 1407 3
1184 1362 1431 1412 modestiaque
1447 1373 1547 1411 parta
1565 1361 1746 1399 securitas.

403 1416 553 1452 Interim
585 1412 760 1450 intestinis
786 1412 889 1449 bellis
926 1413 1087 1450 fervebat
1114 1413 1320 1449 Germania.
1343 1412 1462 1456 Carti,
1494 1412 1705 1460 triumphati
1736 1437 1749 1454 ,

354 1479 431 1502 non
445 1465 529 1501 victi
543 1493 551 1508 ,
566 1463 768 1501 Cheruscos
781 1474 925 1514 gentem
941 1464 1114 1499 Romanis
1128 1463 1236 1498 fidam
1252 1474 1352 1498 erant
1363 1462 1509 1512 adgressi
1522 1474 1532 1503 ;
1556 1457 1750 1511 pulsusque

354 1529 468 1565 regno
481 1514 736 1552 Chariomerus
753 1515 762 1534 ⁵
777 1544 785 1556 ,
805 1513 1072 1550 Cheruscorum
1087 1526 1158 1550 reX.
1175 1513 1207 1548 Is
1225 1512 1370 1562 quidem
1382 1541 1389 1555 ‚
1406 1512 1513 1548 sociis
1526 1511 1562 1547 in
1574 1512 1749 1549 auxilium

356 1566 481 1603 excitis
494 1594 504 1610 ‚
529 1578 677 1615 regnum
694 1564 939 1613 recuperavit:
959 1575 993 1600 at
1009 1577 1095 1601 mox
1113 1563 1288 1607 desertus,
1311 1562 1449 1600 obfides
1459 1561 1612 1599 Romam
1634 1561 1750 1606 misit,

354 1617 417 1664 qui
440 1629 549 1663 opem
568 1626 723 1652 orarent.
743 1614 839 1650 Data
853 1615 992 1650 tantum
1006 1614 1161 1664 pecunia
1181 1627 1191 1657 3
1220 1613 1466 1663 Cheruscique
1482 1641 1491 1656 ,
1523 1612 1636 1662 longa
1659 1625 1750 1661 pace

355 1665 519 1702 imbelles
535 1694 544 1709 ⁷
573 1677 594 1701 a
619 1665 733 1701 Cattis
761 1665 874 1700 attriti
897 1665 978 1701 sunt
1004 1665 1030 1701 ⁶.
1059 1664 1180 1700 Traffl
1197 1664 1301 1700 ruina
1314 1663 1581 1701 Cheruscorum
1605 1661 1686 1698 Fosi
1703 1663 1716 1684 ⁷
1737 1689 1750 1706 ‚

356 1715 583 1753 contermina
611 1728 708 1765 gens.
726 1714 877 1752 Suevis⁸
902 1726 1020 1752 autem
1037 1741 1047 1758 ‚
1072 1714 1171 1764 quod
1190 1727 1210 1750 a
1236 1713 1359 1764 Lygiis
1386 1723 1620 1755 vexarentur,
1648 1712 1747 1748 auxi-

356 1766 445 1801 lium
462 1765 688 1815 petentibus‚
713 1765 801 1801 miffi
824 1776 969 1801 centum
985 1765 1141 1815 eqtlite3‚
1161 1777 1252 1801 onus
1265 1764 1387 1813 potius
1402 1792 1411 1808 ,
1441 1764 1547 1814 quam
1567 1763 1660 1799 vires
1683 1762 1750 1798 ad-

355 1816 476 1852 versus
500 1815 651 1853 hostem.
682 1815 791 1852 Unde
822 1815 951 1851 irritati
978 1815 1086 1852 Suevi
1114 1828 1197 1851 cum
1212 1814 1404 1863 Jazygibus
1428 1813 1594 1850 adversus
1620 1825 1748 1862 pacem

356 1865 559 1902 Romanam
570 1894 579 1911 ‚
596 1868 744 1914 trajecto
755 1865 930 1901 Danubio
944 1893 953 1908 ‚
969 1865 1118 1901 consilia
1133 1864 1256 1901 iniere.
1271 1865 1416 1914 Masyus
1432 1866 1445 1884 ⁹
1461 1876 1607 1914 quoque
1623 1891 1633 1907 ,
1647 1865 1750 1899 Sem-

357 1929 497 1952 nonum
511 1930 595 1960 rex,
618 1919 651 1952 &
666 1916 820 1959 Ganna‚
847 1915 928 1964 post
943 1915 1118 1952 Veledam
1146 1927 1284 1964 magnae
1320 1914 1416 1963 apud
1440 1927 1503 1950 eos
1529 1912 1749 1950 austoritatis

357 1966 511 2012 femina,
535 1967 619 2003 cum
630 1965 786 2003 Romam
802 1965 997 2011 venissent,
1017 1966 1223 2003 honorifice
1244 1965 1412 2014 excepti,
1441 1964 1480 2000 in
1512 1963 1665 2013 patriam
1695 1975 1749 2000 re-

397 2099 405 2110 ¹
428 2090 558 2119 ΑιΒΑκο
574 2099 632 2119 suo
644 2096 654 2123 ]
666 2091 709 2119 Ibi
721 2090 772 2119 fuit
786 2091 945 2119 Domitiani
959 2091 1033 2120 villa,
1110 2094 1122 2110 ⁶
1142 2090 1290 2118 ATTRITI
1308 2095 1409 2122 suu-r]
1429 2090 1520 2119 Tacit.
1535 2088 1569 2117 de
1589 2090 1663 2118 Mor.
1673 2088 1747 2117 Ger·

360 2133 389 2152 ut
399 2127 454 2157 jam
465 2126 586 2154 vidimus
596 2126 673 2161 supra
685 2126 747 2154 Vit.
760 2127 854 2161 Agric.
867 2126 963 2154 XLV.
1074 2135 1149 2153 man.
1164 2125 1314 2153 XXXVI.

395 2166 406 2179 ²
428 2161 624 2193 AnoucTus]
646 2162 704 2190 Dio
716 2182 723 2192 ‚
737 2162 853 2190 LXVII
864 2182 871 2192 ,
885 2171 947 2196 pag.
959 2164 1021 2194 760.
1114 2168 1124 2184 ⁷
1146 2162 1238 2192 Fosr]
1256 2161 1348 2188 Tacit.
1362 2160 1431 2188 ibid.

397 2199 404 2216 ³
427 2195 519 2227 Jurm
535 2202 545 2227 ]
564 2197 639 2227 Dio,
663 2197 731 2225 ibid.
746 2197 839 2229 Julia‚
867 2197 927 2224 Titi
951 2196 1008 2224 filia
1026 2217 1033 2226 ,
1111 2198 1120 2215 ⁸
1141 2197 1278 2227 Sur-:Vlsj
1312 2196 1371 2223 Dio
1392 2216 1399 2226 ,
1426 2194 1542 2224 LXVII
1563 2215 1570 2225 ,
1601 2203 1662 2229 pag.
1683 2197 1747 2226 761·-

359 2229 393 2257 de
419 2230 471 2264 qua
504 2232 561 2263 jam
591 2232 697 2261 dict-im
730 2232 766 2260 ad
802 2241 908 2261 annum
937 2231 974 2260 U.
995 2231 1032 2260 C.
1074 2231 1157 2259 Suevi
1176 2240 1269 2259 autem
1290 2241 1346 2259 non
1371 2231 1390 2258 ii
1411 2230 1471 2259 sunt
1489 2251 1497 2263 ‚
1523 2231 1569 2263 qui
1589 2229 1747 2256 interiorem

359 2273 559 2294 Dcccxxxvr.
1074 2267 1256 2295 Germaniam
1268 2266 1453 2295 habitabant,
1471 2265 1517 2293 sed
1534 2266 1552 2292 ii
1565 2274 1631 2297 quos
1643 2262 1747 2291 Drusus

360 2335 367 2341 ι
396 2308 408 2325 ⁴
427 2301 683 2330 NUNTIABANTUR
699 2308 708 2334 ]
724 2303 770 2330 De
783 2302 910 2337 hisplura
920 2303 1033 2331 Tacitus
1073 2303 1143 2330 inter
1164 2302 1279 2329 flumina
1305 2303 1414 2329 Marum
1427 2299 1569 2329 &Cusum
1590 2300 1746 2329 locaveram

358 2345 389 2362 m
402 2335 464 2364 Vit.
479 2336 573 2371 Agric.
587 2338 726 2364 XXXIX
741 2337 848 2372 &seqq.
1074 2346 1101 2364 ut
1129 2339 1185 2371 jam
1205 2337 1326 2365 vidimus
1342 2336 1419 2371 supra
1436 2335 1541 2364 Annal.
1573 2334 1602 2362 11
1621 2354 1629 2365 ‚
1654 2338 1697 2370 63.
1719 2337 1747 2364 ὃς

397 2380 405 2396 5
428 2371 690 2404 Cimmommzus]
718 2372 940 2404 Di0,LXVII‚
968 2383 1030 2408 pag.
1073 2373 1154 2403 XII,
1177 2383 1220 2406 29.
1409 2373 1413 2377 '

358 2407 421 2440 760.
1107 2416 1118 2433 ⁹
1141 2409 1290 2438 Manus]
1309 2407 1385 2435 Dio,
1406 2404 1475 2435 ibid.
