1952 2708
117 822 171 862 .ιο

112 1139 168 1178 ‚5

112 1459 172 1495 ρο

605 157 1171 203 AGRICOLA.
1516 176 1575 213 93

198 245 303 294 filio,
323 240 494 283 univerfl
517 254 667 280 nonam
684 237 892 293 legionem
915 244 950 289 ¹,
972 252 1016 279 ut
1035 241 1209 281 maxime
1229 240 1467 294 invalidam,
1489 258 1586 285 noc-

197 321 237 349 te
264 304 424 360 adgressi
441 333 454 354 ,
482 305 586 344 inter
609 303 794 343 somnum
824 317 870 341 ac
900 301 1212 357 trepidationem
1235 306 1336 345 caefis
1361 305 1550 361 vigilibus
1569 335 1585 358 ,

196 372 395 424 inrupere.
422 368 591 421 Jamque
619 368 660 406 in
688 365 775 422 ipsis
802 365 932 406 castris
959 363 1220 420 pugnabant,
1248 369 1339 406 cum
1361 369 1582 421 Agricola,

198 434 273 473 iter
287 433 460 471 hostium
477 430 524 471 ab
544 428 865 486 exploratoribus
879 427 1062 478 edoctus,
1091 432 1131 468 &
1156 429 1328 483 vestigiis
1352 430 1552 474 insecutus
1567 463 1581 484 ,

198 494 466 537 velociffimos
486 495 665 548 equitum
685 492 944 549 peditumque
965 490 1161 532 adsultare
1176 493 1297 545 tergis
1317 496 1583 547 pugnantium

195 559 334 613 jubet,
364 572 460 598 mox
483 557 530 598 ab
552 557 739 597 univerfis
761 554 881 608 adjici
906 553 1146 596 clamorem:
1176 558 1216 594 ὅ(
1243 555 1466 610 propinqua
1491 557 1586 599 luce

195 621 340 664 fulsere
367 622 494 676 figna:
522 622 578 661 ita
605 621 772 676 ancipiti
797 617 904 660 malo
930 619 1058 659 territi
1083 618 1290 659 Britanni:
1322 622 1361 658 &
1388 619 1586 662 Romanis

196 686 299 727 redit
324 687 504 730 animus3
530 699 576 724 ac
604 684 732 725 securi
758 698 830 739 pro
858 681 1008 732 salute,
1037 681 1086 723 de
1111 680 1240 736 gloria
1266 681 1493 722 certabant:
1520 683 1585 723 ul-

197 763 260 791 tro
287 749 506 803 quinetiam
529 762 715 803 erupere:
742 750 782 787 &
804 747 881 786 fuit
906 759 1021 786 atrox
1043 746 1084 784 in
1110 745 1199 800 ipsis
1224 759 1427 801 portarum
1449 747 1588 800 angus-

199 813 263 853 tiis
285 816 298 832 ²
319 810 530 868 proelium,
553 811 684 851 donec
703 809 802 866 pulfi
822 810 972 856 hostes;
993 822 1162 862 utroque
1183 810 1364 849 exercitu
1386 822 1588 859 certante,

199 877 288 926 his,
313 889 357 915 ut
385 874 515 915 tulisse
554 889 703 930 opem,
732 871 839 923 illis,
868 887 918 912 ne
955 871 1103 925 eguisse
1134 870 1284 912 auxilio
1322 871 1552 912 viderentur
1578 889 1586 911 2

201 938 309 993 quod
333 939 402 978 nisi
426 937 590 994 paludes
616 941 656 978 ὃς
688 934 789 977 sslvae
820 941 835 981 ἒ
862 935 1062 990 fugientes
1092 934 1305 986 texissent,
1341 933 1587 976 debellatum

198 1001 269 1042 illa
293 1000 455 1042 vitioria
478 1001 595 1042 foret.

263 1065 468 1106 XXVII.
504 1065 666 1105 CUJUS
696 1060 916 1106 constantia
940 1069 958 1094 4
998 1079 1045 1106 ac
1067 1061 1171 1105 fama
1200 1064 1315 1106 ferox
1346 1064 1543 1105 exercitus
1573 1091 1589 1114 ,

206 1146 227 1166 (t
254 1128 355 1169 nihil
382 1130 519 1169 virtuti
544 1128 617 1168 sua:
642 1129 817 1168 invium:
843 1128 1129 1183 penetrandam
1151 1126 1443 1178 Caledoniam,
1474 1129 1590 1167 inve-

199 1192 502 1245 »niendumque
533 1192 695 1232 tandem
732 1190 945 1231 Britannioe
976 1192 1221 1240 terminum,
1251 1192 1450 1231 continuo
1482 1204 1590 1246 proe-

197 1255 378 1296 »liorum
404 1254 519 1296 cursu
544 1272 588 1304 υ,
618 1253 864 1294 fremebant:
894 1268 1011 1307 atque
1040 1253 1101 1292 illi
1126 1253 1250 1293 modo
1277 1255 1384 1294 cauti
1410 1258 1422 1284 5
1457 1269 1503 1293 ac
1530 1253 1591 1293 sa-

199 1321 353 1374 pientes
369 1348 382 1369 ,
412 1318 587 1374 prompti
608 1317 693 1372 post
714 1330 905 1357 eventum
929 1333 975 1358 ac
997 1315 1246 1371 magniloqui
1265 1330 1398 1356 erant:
1430 1316 1591 1369 iniquis-

198 1381 292 1423 sima
317 1383 400 1422 haec
425 1379 624 1421 bellorum
661 1380 844 1421 conditio
870 1382 946 1421 est:
977 1380 1163 1436 prospera
1186 1394 1325 1420 omnes
1362 1378 1430 1418 fibi
1457 1379 1593 1419 vindi-

201 1459 319 1495 cant,
347 1445 509 1485 adversa
534 1446 604 1484 uni
632 1444 891 1499 imputantur.
919 1444 975 1484 At
999 1444 1180 1483 Britanni
1207 1458 1290 1483 non
1316 1443 1492 1492 virtute,
1524 1441 1592 1482 sed

199 1508 410 1550 occasione
437 1512 476 1548 ὣς
500 1521 582 1548 arte
609 1507 722 1548 ducis
744 1508 818 1548 rati
841 1505 884 1557 ⁶,
915 1506 1016 1547 nihil
1037 1522 1087 1547 ex
1112 1504 1336 1561 arrogantia
1361 1507 1592 1555 remittere,

200 1573 416 1625 quominus
444 1569 697 1623 juventutem
724 1584 947 1620 armarent,
975 1568 1170 1624 conjuges
1194 1584 1240 1609 ac
1266 1567 1412 1609 liberos
1438 1570 1477 1608 in
1499 1567 1594 1610 loca

200 1648 287 1677 tuta
312 1634 598 1685 transferrent,
625 1633 797 1676 coetibus
823 1649 870 1675 ac
897 1634 1098 1676 sacrificiis
1126 1638 1139 1660 ⁷
1167 1632 1506 1688 conspirationem
1534 1633 1593 1673 ci-

243 1783 251 1797 ¹
274 1779 397 1809 NouAM
421 1789 581 1809 ιεοιοΝΕΜ
603 1779 616 1815 ]
652 1777 699 1808 De
733 1776 794 1815 qua
818 1776 878 1814 jam

204 1816 320 1848 difflum
333 1817 418 1855 supra
432 1818 464 1847 in
480 1819 573 1848 Notis
586 1818 620 1848 ὃ(
637 1816 879 1846 Emendationi-

202 1856 261 1887 bus
282 1857 321 1886 ad
344 1857 417 1886 Hist.
443 1859 489 1891 ΙΙ,
509 1861 537 1886 6.
564 1867 630 1896 pag.
647 1866 718 1893 410.
739 1857 781 1885 Ea
796 1856 879 1894 legio

203 1905 277 1926 tunc
297 1895 418 1927 videtur
444 1896 530 1926 fuifl'e
557 1896 589 1925 in
610 1894 775 1934 provincia
800 1894 879 1931 rije,

203 1935 362 1973 castroque
375 1959 384 1972 ,
403 1936 489 1975 quod
505 1935 606 1965 adhuc
623 1934 733 1970 exstat,
755 1935 788 1964 ὅ(
803 1934 881 1964 dici-

204 1982 254 2005 tur
280 1973 408 2004 Lochore.
435 1975 514 2006 Vide
539 1974 694 2005 eruditum
720 1974 853 2004 Gordon
870 1998 878 2009 ‚

205 2014 269 2043 loc.
285 2012 335 2042 cit.
351 2013 491 2044 Invalida
506 2013 575 2044 sane
598 2013 657 2044 fuit
675 2012 758 2051 legio
769 2036 778 2049 ‚
797 2014 882 2051 quod

204 2052 312 2082 multis
341 2052 457 2088 proeliis
486 2053 585 2083 fuerat
614 2052 788 2082 imminuta.
806 2052 881 2083 Ideo

205 2091 311 2130 postea
330 2091 484 2129 suppleta,
508 2091 649 2130 ditiaque
669 2091 812 2122 Gemina.

247 2136 259 2149 ²
283 2132 463 2160 Ponrmum
495 2132 687 2167 aucus-rus]
724 2132 883 2160 Portarum

205 2169 382 2200 castrorum.
408 2171 443 2199 In
461 2169 561 2199 castris
578 2169 726 2199 Romanis
750 2177 883 2206 quatuor

206 2217 296 2239 erant
306 2217 401 2247 portce
413 2232 422 2245 ,
437 2208 621 2245 decumana,
636 2208 778 2247 praetoria
790 2232 800 2245 ‚
811 2209 883 2238 dex-

207 2254 252 2280 tra
267 2273 274 2285 ,
293 2247 416 2278 sinistra.

250 2293 259 2313 3
284 2289 428 2317 Piioots
453 2299 488 2318 ET
512 2298 611 2318 SILVAE
632 2290 644 2321 ]
670 2286 800 2316 Duobus
823 2286 884 2315 cir—

207 2325 285 2356 citer
303 2327 443 2357 millibus
463 2327 599 2365 passuum
616 2336 632 2356 a
653 2325 746 2356 castro
765 2324 886 2353 Lorhore

208 2365 302 2395 exstat
320 2366 419 2397 adhuc
440 2376 551 2405 magna
570 2366 674 2404 palus,
695 2365 775 2394 ditia
796 2363 886 2392 Loch-

211 2401 322 2443 Leven,
340 2406 424 2437 unde
450 2406 591 2445 ingentes
614 2405 762 2436 arborum
785 2402 886 2436 trunci

918 1775 992 1814 saepe
1021 1782 1189 1810 eruuntur,
1218 1774 1305 1814 quod
1332 1774 1527 1805 certiffimum
1554 1771 1596 1803 est

919 1815 1062 1845 silvarum
1076 1839 1083 1851 ‚
1107 1825 1173 1854 quae
1187 1814 1232 1844 ibi
1247 1814 1332 1844 fuere
1343 1837 1350 1849 ‚
1368 1820 1595 1852 argumentum.

919 1854 999 1886 Vide
1013 1854 1168 1884 eruditum
1186 1854 1339 1889 Gomon,
1362 1855 1422 1883 loc.
1445 1852 1498 1882 cit.

960 1898 975 1916 4
1006 1896 1105 1926 CuJus
1136 1904 1328 1924 cousrnurm
1361 1894 1373 1929 ]
1414 1889 1595 1921 Constantia

920 1942 1005 1972 parta
1032 1933 1131 1963 fuerat
1160 1932 1223 1962 haec
1244 1931 1385 1961 vitioria.
1413 1930 1482 1968 Qua
1504 1930 1595 1960 cons-

922 1972 1018 2003 tantia
1043 1974 1078 2004 ὃς
1104 1971 1243 2003 victoria,
1268 1969 1350 2001 fama
1373 1970 1462 2000 ferox
1480 1969 1597 2000 exerci-

921 2021 979 2043 tus.

965 2057 972 2077 5
1000 2052 1100 2081 MoDo
1123 2061 1215 2080 CAUTl
1238 2051 1251 2086 ]
1273 2047 1336 2085 Qui
1357 2048 1596 2088 regrediendum

924 2090 1001 2120 citra
1020 2089 1223 2124 Bodotriam,
1245 2087 1342 2126 specie
1370 2088 1569 2126 prudentium
1587 2110 1597 2124 ,

922 2129 1028 2198 &gnavi
1042 2128 1288 2164 admonuerant,
1300 2136 1333 2158 ut
1348 2128 1462 2159 dietum
1476 2127 1516 2157 cst
1530 2136 1597 2165 cap.

936 2178 984 2206 up.

962 2208 975 2225 ⁶
997 2209 1086 2236 ARTE
1110 2216 1201 2237 Duc1s
1223 2217 1299 2237 RATI
1321 2207 1335 2243 ]
1359 2205 1468 2236 Verius
1489 2213 1549 2233 arte
1566 2204 1599 2241 se

922 2246 1005 2275 viflos
1028 2247 1101 2280 rati,
1121 2255 1173 2277 aut
1193 2254 1252 2274 arte
1271 2244 1348 2274 ducis
1365 2244 1499 2282 [ψει-ατί.
1518 2243 1599 2274 vide

926 2287 1023 2316 Notas
1041 2286 1074 2316 ὃς
1089 2284 1330 2316 Emendationes
1348 2285 1386 2314 ad
1403 2295 1469 2323 cap.
1489 2293 1537 2320 27.

966 2331 978 2349 7
1001 2326 1141 2354 Cam-mus
1163 2337 1200 2355 Ac
1222 2334 1406 2354 sffxcnimcns
1429 2326 1441 2361 ]
1472 2325 1509 2352 Ut
1531 2330 1598 2350 mos

926 2363 967 2393 est
979 2364 1059 2403 apud
1074 2364 1233 2396 barbatos.
1249 2363 1329 2396 Vide
1344 2363 1431 2403 supra
1450 2361 1522 2392 Hist.
1537 2361 1578 2391 IV
1589 2379 1602 2397 2

931 2413 979 2442 ¹4=
