1952 2708
133 494 161 536 5

109 820 163 850 10

112 1123 161 1167 ¹5

604 155 1193 204 AGRICOLA.
1519 178 1576 214 91

189 246 232 283 ὃς
254 234 447 281 Bodotria
473 242 484 259 ¹
503 265 517 287 ,
547 236 687 277 diversi
707 238 824 278 maris
855 237 1005 278 :estibus
1029 254 1097 294 per
1124 242 1362 284 immensum
1387 246 1549 286 revec‘tae
1566 275 1580 297 ,

186 303 352 356 angusto
379 314 572 341 terrarum
600 300 728 356 spatio
751 304 766 321 ²
787 300 1050 341 dirimuntur:
1077 303 1186 355 quod
1209 316 1294 343 tum
1317 308 1496 360 praesidiis
1519 310 1579 349 fir-

186 363 367 406 mabatur
391 369 426 404 ³:
457 377 575 418 atque
607 365 738 405 omnis
775 365 940 420 propior
965 364 1066 405 finus
1098 364 1334 418 tenebatur,
1371 370 1579 415 summotis

187 428 301 470 velut
324 429 365 467 in
392 426 511 468 aliam
536 426 707 470 insulam
732 433 751 457 4
777 426 966 468 hostibus.

251 491 431 533 XXIV.
467 492 677 546 QUiNTo
717 491 1022 548 expeditionum
1056 505 1162 531 anno
1186 495 1199 522 5
1227 520 1242 542 ,
1271 507 1371 533 nave
1407 492 1533 549 prima
1561 495 1580 519 ⁶

187 554 474 610 transgressus,
501 556 659 609 ignotas
693 555 742 596 ad
778 555 817 596 id
855 568 1011 611 tempus
1043 568 1182 609 gentes
1218 555 1364 595 crebris
1392 557 1502 597 simul
1530 573 1579 599 ac

186 618 384 675 prosperis
404 617 556 674 proeliis
578 619 755 660 domuit:
777 634 944 673 eamque
966 632 1119 675 partem
1141 618 1379 668 Britanniae,
1403 635 1483 672 quoe
1507 622 1580 662 Hi-

187 680 368 722 berniam
391 686 405 709 ⁷
427 682 594 737 aspicit,
623 684 751 738 copiis
771 683 955 722 instruxit
981 712 995 733 ,
1024 683 1065 721 in
1088 682 1198 737 spem
1230 683 1357 736 magis
1385 679 1427 731 8,
1459 682 1577 736 quani

186 743 238 784 ob
259 745 515 786 formidinem
542 763 549 785 ε
582 746 771 800 siquidem
793 746 990 788 Hibernia
1009 775 1022 796 ,
1051 745 1187 786 medio
1206 746 1310 786 inter
1330 745 1579 786 Britanniam

187 821 304 862 atque
328 809 567 865 Hispaniam
592 810 685 861 sita,
717 814 758 851 &
783 809 949 851 Gallico
985 824 1146 864 quoque
1181 810 1280 850 mari
1319 823 1548 865 opportuna
1564 838 1578 859 ,

188 870 489 913 valentissimam
527 875 684 930 imperii
710 886 863 930 partem
890 878 906 901 9
934 874 1089 928 magnis
1118 873 1296 914 invicem
1320 872 1449 914 usibus
1487 872 1581 912 mis-

189 936 328 975 cuerit.
357 938 539 991 Spatium
571 935 655 989 ejus
678 967 690 987 ‚
727 937 751 975 si
783 937 995 978 Britannia:
1030 949 1284 991 comparetur
1303 965 1317 987 ,
1351 937 1549 991 angustius
1568 964 1581 985 ‚

188 999 308 1038 nostri
337 1001 452 1040 maris
470 1005 504 1022 ¹0
522 999 668 1041 insulas
704 1000 874 1056 superat.
901 999 1041 1040 Solum
1069 999 1289 1054 caelumque
1306 1028 1318 1049 ‚
1349 1003 1389 1040 &
1419 1001 1581 1055 ingenia

191 1059 401 1116 cultusque
428 1064 639 1103 hominum
665 1064 771 1105 haud
793 1063 965 1104 multum
986 1079 1008 1104 a
1029 1062 1235 1104 Britannia
1261 1062 1473 1103 differunt:
1502 1078 1581 1103 me-

190 1121 265 1165 lius
285 1126 413 1167 aditus
434 1127 770 1183 portusque¹¹per
793 1128 1038 1168 commercia
1059 1131 1100 1167 &
1116 1127 1387 1180 negoriatores
1410 1127 1580 1181 cogniti·

189 1187 386 1242 Agricola
405 1189 616 1245 expulsum
645 1190 841 1231 seditione
862 1187 1078 1231 domestica
1099 1204 1224 1229 unum
1247 1203 1296 1228 ex
1320 1188 1468 1244 regulis
1489 1203 1584 1244 gen-

189 1252 239 1291 tis
270 1266 510 1308 exceperat,
537 1269 584 1293 ac
618 1253 751 1309 specie
787 1254 970 1294 amicitia:
1006 1255 1048 1292 in
1081 1252 1333 1293 occasionem
1371 1252 1584 1294 retinebat.

188 1315 300 1371 Saepe
323 1329 373 1356 ex
397 1330 445 1356 eo
471 1316 632 1368 audivi,
660 1314 822 1371 legione
846 1315 925 1357 una
946 1319 985 1356 ὅ(
1010 1315 1181 1356 modicis
1208 1314 1366 1356 auxiliis
1387 1314 1582 1357 debellari

233 1459 243 1473 ³
267 1461 375 1490 Ctom
392 1460 765 1498 ranoorRin]Clota,
782 1468 864 1491 nunc
943 1461 956 1479 ⁶
978 1459 1078 1490 Nave
1107 1469 1207 1489 rama
1238 1458 1253 1494 ]
1282 1457 1372 1486 Nave
1397 1479 1406 1491 ‚
1437 1464 1581 1498 omnium

190 1496 220 1527 la
238 1498 336 1527 riviere
352 1499 384 1527 de
408 1500 498 1539 Clyd:
524 1501 695 1537 Bodotria,
717 1500 744 1528 la
769 1501 866 1529 rim’ere
904 1499 1002 1538 prima
1021 1522 1030 1535 ‚
1062 1508 1129 1536 quae
1157 1508 1225 1528 oras
1253 1496 1324 1540 ¹illas
1353 1496 1475 1524 scrutari
1506 1495 1582 1524 ausae

190 1537 224 1565 de
246 1537 339 1568 Forzlz.
366 1541 450 1570 Inter
473 1551 582 1570 eorum
605 1540 697 1577 ostia,
717 1540 750 1569 &z
776 1540 865 1569 urbes
904 1539 988 1575 sunt,
1006 1537 1208 1576 transgressus.
1221 1536 1300 1566 Vide
1315 1536 1458 1565 Notas&
1471 1534 1580 1563 Emen-

191 1577 359 1606 Dunharron
374 1579 408 1609 &
422 1578 582 1619 Ediriburgli
594 1603 602 1613 ‚
616 1580 648 1608 in
662 1579 785 1614 smmi,
802 1587 867 1608 tan-
905 1578 1048 1608 dationes
1068 1578 1106 1607 ad
1127 1587 1191 1615 cap.
1211 1587 1262 1612 24.

189 1626 238 1648 tus
253 1617 292 1647 est
306 1617 417 1648 diversi
432 1619 522 1649 maris
534 1643 542 1655 ,
568 1618 735 1649 Calcdonii
754 1628 865 1656 nempe

188 1658 224 1688 ἃ
248 1657 447 1693 Germanici,
470 1659 570 1694 aestus,
593 1667 625 1688 ut
649 1658 698 1688 hic
720 1658 865 1688 inventus

189 1696 291 1726 fuiss'et
302 1697 459 1727 bellorum
476 1709 509 1728 ac
524 1697 750 1728 dominationis
763 1697 868 1727 termi-

189 1746 264 1771 nus,
285 1735 305 1765 fi
334 1736 431 1766 virtus
455 1738 647 1768 exercituum
672 1739 707 1768 ὃ(
730 1736 865 1768 Romani

188 1775 329 1805 nominis
351 1776 451 1814 gloria
468 1777 543 1808 fines
560 1786 722 1816 pateretur.

214 1820 242 1858 ,²
268 1817 414 1846 Aucusro
438 1827 616 1848 TERRARUM
634 1829 744 1848 spii-rio
763 1819 777 1854 ]
795 1817 863 1847 Tri-

191 1861 277 1894 ginta
293 1854 415 1886 circiter
431 1856 570 1887 millibus
587 1857 723 1896 passuum
746 1857 865 1887 distant.

192 1933 199 1938 ι
233 1899 241 1918 3
267 1895 430 1925 Piiffisioiis
455 1899 692 1935 rinmassarun]
729 1897 866 1927 Praefidia

191 1932 246 1977 illa
266 1941 392 1964 tenuere
416 1945 434 1965 a
461 1936 555 1966 Clota
574 1961 583 1973 ,
614 1937 667 1967 ubi
698 1947 781 1967 nunc
813 1936 866 1965 Old

190 1972 266 2001 kirck
278 1971 393 2001 Patriclc
407 1997 416 2010 ,
433 1975 472 2005 ad
486 1976 671 2006 Bodotriam
683 2000 691 2013 ‚
706 1976 761 2006 ubi
784 1986 866 2006 nunc

190 2011 288 2055 ferme
314 2011 452 2041 Abercom
474 2037 483 2048 ‚
518 2025 571 2053 per
596 2015 722 2054 triginta
751 2016 867 2054 septem

190 2050 291 2080 millia
310 2051 453 2089 passuum.
464 2053 513 2084 Sic
527 2055 630 2084 omnis
643 2055 773 2094 propior
787 2055 866 2086 finus

191 2091 368 2122 tenebatur.

230 2133 245 2152 4
266 2131 299 2158 ΙΝ
324 2141 424 2174 ALJAM
446 2141 583 2162 INSULAM
604 2134 618 2169 ]
639 2132 723 2163 Ultra
741 2132 869 2163 Clotam

190 2168 423 2200 &Bodotriam
442 2181 613 2211 eorumque
633 2172 784 2205 aestuaria,
807 2173 870 2202 Ca-

190 2208 336 2246 ledonia,
355 2208 382 2237 lssz
397 2210 704 2248 partiesepretztri'onale
724 2211 755 2240 de
771 2210 870 2250 Z'Ecos-

181 2248 236 2287 J‘e,
259 2257 324 2278 erat
349 2249 410 2279 alia
435 2249 533 2280 ferme
560 2250 682 2288 insula,
714 2261 748 2280 iii
777 2261 870 2291 quam

192 2287 338 2326 Agricola
356 2288 454 2319 hostes
471 2289 691 2320 summoverat.

234 2331 242 2352 5
268 2329 395 2365 QumTo
421 2340 661 2360 RKPEDITIONUM
682 2341 764 2361 ΑΝΝο
779 2332 793 2368 ]
810 2331 871 2360 An-

194 2372 239 2393 no
265 2366 362 2409 91¹³ss
394 2368 529 2401 conditae
563 2381 756 2404 mcccxxxv.
803 2369 872 2402 Jesu

195 2402 310 2436 Christi
331 2408 380 2440 82.

944 1623 955 1642 7
977 1618 1160 1647 Hirminum
1181 1617 1195 1652 ]
1230 1616 1323 1644 Nunc
1337 1611 1488 1656 ΓΙΓΛιηαέ.Ὶ

946 1657 956 1676 3
979 1658 1011 1686 IN
1043 1667 1121 1686 SPEM
1147 1665 1243 1685 MAGls
1266 1658 1276 1688 j
1299 1656 1334 1683 In
1358 1652 1441 1691 spem
1472 1651 1582 1682 tuturae

905 1695 1059 1727 utilitatis.

945 1742 956 1760 9
980 1738 1241 1767 VALEririssiamM
1266 1743 1387 1762 IMPERII
1413 1742 1539 1761 PAR-triu
1567 1731 1582 1767 ]

905 1775 1074 1811 Hibernia,
1094 1773 1201 1804 medio
1220 1773 1300 1802 inter
1320 1770 1510 1800 Britanniam
1532 1777 1581 1799 at·-

906 1826 967 1855 que
979 1814 1159 1853 Hispaniam
1171 1812 1240 1849 sita,
1259 1812 1292 1842 ὃς
1311 1810 1434 1841 Gallico
1455 1819 1582 1853 quoque

906 1854 983 1885 mari
997 1862 1174 1893 opportuna
1184 1875 1192 1887 ‚
1212 1850 1446 1881 valentiffimam
1460 1858 1582 1892 imperii

906 1904 1041 1932 partem,
1062 1891 1240 1932 Hispaniam
1260 1889 1379 1920 scilicet
1398 1887 1533 1918 Galliam
1548 1888 1584 1918 8<

906 1933 1100 1964 Britanniam
1123 1956 1131 1969 ,
1162 1930 1282 1969 magnis
1315 1928 1452 1972 invicem
1482 1926 1582 1957 usibus

905 1984 959 2012 per
986 1970 1177 2003 commercia
1199 1970 1374 2007 conjunxit.
1392 1967 1456 2010 Hac
1473 1974 1582 2010 aetate,

906 2013 966 2053 qua⁴
982 2012 1065 2043 rudis
1092 2011 1191 2042 adhuc
1218 2017 1282 2040 erat
1305 2018 1350 2037 ars
1373 2014 1518 2049 nautica)
1543 2016 1581 2036 iis

906 2051 1105 2084 commerciis
1121 2047 1375 2089 opportuniffima
1387 2046 1581 2090 ‘erat'Hiber-

907 2093 969 2122 nia.
984 2091 1150 2128 Hodieque
1171 2087 1300 2118 Hiberni
1316 2086 1439 2124 plurimi
1455 2095 1487 2114 in
1509 2084 1582 2114 His-

908 2130 997 2170 pania
1012 2140 1047 2160 ac
1061 2129 1211 2168 praecipue
1227 2126 1384 2162 Gadibus,
1401 2123 1489 2164 Cadiz
1502 2147 1510 2161 ,
1528 2134 1581 2154 ne-

907 2170 1076 2210 gotiantur.
1365 2203 1370 2208 ι
1499 2200 1505 2207 .

950 2216 978 2231 ¹0
999 2211 1125 2240 NosrRi
1148 2206 1266 2242 manis]
1287 2204 1507 2235 Mediterranei
1517 2211 1582 2232 ma-

908 2250 947 2280 ris
960 2249 1082 2279 insulas.
1555 2279 1560 2284 Ι

951 2295 974 2308 ¹¹
999 2290 1118 2318 Mrims
1140 2294 1255 2317 ADITUS
1277 2284 1486 2319 PORTusQuE]
1504 2280 1581 2323 Adi-

909 2337 957 2360 tus
975 2328 1142 2367 portusque
1158 2324 1313 2355 Hiberniae
1330 2333 1382 2362 per
1395 2327 1582 2365 commercia

910 2370 943 2400 ὅτ
957 2367 1168 2408 negotiatores
1183 2364 1291 2395 melius
1305 2364 1373 2393 sunt
1385 2369 1514 2401 cogniti.
1532 2359 1585 2388 In<

912 2408 1027 2441 teriora
1043 2408 1119 2440 vero
1137 2405 1242 2438 insulae
1258 2404 1322 2435 fere
1337 2403 1457 2441 ignota.

1298 2464 1347 2506 M
1376 2459 1403 2516 ij
