1952 2708
596 140 645 180 C.
712 138 1123 181 CORNELII
1186 136 1476 180 TACITI

343 237 366 259 >)
377 223 417 261 in
435 217 686 274 adprobanda
704 220 960 261 excusatione
973 238 994 258 2>
1011 221 1171 262 offerre:
1187 221 1384 276 postremo
1401 235 1483 261 non
1496 217 1574 272 jam
1592 217 1730 260 obscuss

342 285 378 322 ri
390 313 402 332 ,
424 282 630 323 suadentes
653 282 765 322 simul
790 284 1079 338 terrentesque,
1103 296 1327 339 pertraxere
1349 284 1396 324 ad
1422 284 1726 324 Domitianum:

344 347 412 400 qui
430 359 585 401 paratus
604 345 873 397 limuladone,
893 348 935 386 in
956 348 1221 401 arrogantiam
1247 346 1511 400 compositus,
1539 350 1579 386 ὅ(
1600 346 1726 386 audiit

344 423 482 464 preces
501 409 726 450 excusantis
741 438 753 459 ,
774 414 840 459 &‚
866 411 957 450 cum
980 409 1196 458 adnuisset,
1219 409 1283 462 agi
1305 408 1373 448 fibi
1392 409 1535 462 gratias
1561 414 1569 430 ¹
1595 407 1724 463 passus

343 472 418 511 est:
447 487 523 513 nec
543 471 700 512 erubuit
719 471 904 513 beneficii
927 471 1098 512 invidia:
1127 470 1307 511 salarium
1332 474 1344 491 ²
1366 483 1527 520 tamen,
1555 485 1727 526 procon-

342 533 462 575 sulari
498 534 660 576 solitum
698 536 860 583 offerri,
889 539 929 575 ἃ
958 534 1191 588 quibusdam
1230 550 1251 574 a
1285 533 1412 589 seipso
1453 533 1683 574 concessum
1710 561 1724 582 ‚

342 596 544 652 Agricolae
569 613 652 639 non
674 598 814 638 dedit:
846 597 924 638 five
957 597 1130 638 offensus
1153 626 1166 648 ,
1206 611 1288 637 non
1318 598 1487 652 petitum
1512 625 1525 646 ,
1564 595 1642 636 five
1675 609 1726 635 ex

342 660 589 702 conscientia
604 690 618 711 ‚
646 675 696 701 ne
722 660 830 714 quod
849 674 1029 701 vetuerat
1044 690 1056 710 ‚
1083 660 1285 701 videretur
1304 659 1437 700 emisse
1463 664 1491 699 ³.
1515 659 1727 714 Proprium

342 724 506 764 humani
533 724 684 777 ingenii
710 724 791 773 est,
819 723 940 765 odisse
956 753 969 774 ,
997 738 1115 778 quem
1139 722 1280 763 laeseris
1305 727 1345 762 4:
1374 723 1602 763 Domitiani
1628 723 1725 763 verb

341 800 480 828 natura
500 801 671 843 praeceps
690 787 730 826 in
750 787 848 827 iram
861 816 874 837 ‚
906 791 945 828 ὅ(
968 789 1048 840 quo
1071 787 1278 828 obscurior
1293 815 1305 835 ‚
1331 788 1379 826 eo
1399 784 1724 836 irrevocabilior,

340 850 619 891 moderatione
642 862 774 890 tamen
807 848 1096 906 prudentiaque
1128 847 1329 904 Agricolae
1361 848 1605 890 leniebatur:
1634 850 1728 902 quia

340 927 424 954 non
450 911 705 954 contumacia
719 942 733 963 9
760 927 889 968 neque
910 914 1019 954 inani
1038 912 1249 965 jaciatione
1271 911 1464 953 libertatis
1478 942 1490 962 ‚
1510 912 1657 952 famam
1675 911 1729 952 fa-

341 989 506 1031 tumque
528 981 540 1007 5
567 975 826 1032 provocabat.
848 978 987 1017 Sciant
1004 1005 1016 1026 ,
1037 976 1178 1030 quibus
1198 976 1319 1016 moris
1340 977 1393 1016 est
1408 974 1424 996 ⁶
1443 974 1587 1017 illicita
1605 976 1726 1015 mira-

340 1039 375 1078 ri
399 1069 412 1089 ,
457 1039 565 1095 poffe
603 1041 723 1080 etiam
751 1039 819 1080 sub
848 1039 961 1080 malis
991 1039 1243 1095 Principibus
1283 1054 1450 1093 magnos
1479 1041 1586 1080 viros
1614 1037 1689 1079 effe
1718 1054 1726 1078 :

341 1100 655 1155 obsequiumque
680 1116 726 1142 ac
748 1102 980 1142 modestiam
996 1132 1010 1152 ,
1038 1103 1064 1140 fi
1085 1103 1271 1142 industria
1292 1117 1338 1142 ac
1358 1104 1474 1156 vigor
1495 1102 1620 1143 adsint
1635 1131 1648 1151 ‚
1674 1103 1724 1141 eo

338 1162 468 1205 laudis
495 1165 720 1214 excedere,
758 1168 838 1219 quo
876 1164 1055 1221 plerique
1080 1180 1149 1221 per
1175 1165 1366 1220 abrupta,
1395 1165 1462 1205 sed
1492 1166 1535 1205 in
1567 1162 1726 1205 nullum

338 1227 568 1283 reipublicae
593 1228 707 1267 usum
724 1257 736 1277 ,
767 1227 977 1269 ambitiosa
1005 1242 1133 1268 morte
1161 1227 1446 1269 inclaruerunt.

403 1290 581 1331 XLIII.
616 1292 753 1331 Flle
779 1292 868 1331 vitae
893 1289 977 1343 ejus
1005 1291 1121 1331 nobis
1153 1290 1381 1340 luctuosus,
1410 1292 1546 1332 amicis
1580 1291 1726 1341 tristis,

339 1355 538 1394 extraneis
564 1354 683 1393 etiam
705 1354 933 1408 ignotisque
961 1359 975 1381 7
1005 1370 1086 1395 non
1112 1354 1190 1394 fine
1213 1353 1306 1395 curii
1328 1353 1416 1394 fuit,
1442 1354 1600 1409 Vulgus
1626 1369 1726 1408 quo-

340 1431 438 1469 que,
460 1421 499 1457 ὃς
518 1417 586 1456 hic
606 1415 713 1456 aliud
737 1431 855 1471 agens
882 1417 1054 1473 populus
1072 1415 1086 1438 8
1101 1447 1113 1467 ,
1137 1421 1176 1457 &
1197 1418 1445 1458 ventitavere
1464 1418 1511 1458 ad
1532 1418 1696 1458 domum
1711 1446 1725 1468 ,

341 1483 382 1519 ὅ(
405 1495 475 1536 per
499 1479 609 1530 fora,
639 1483 678 1519 &
706 1478 881 1521 circulos
909 1478 1038 1521 locuti
1077 1481 1191 1521 sunt:
1217 1495 1294 1521 nec
1331 1481 1562 1535 quisquam,
1591 1479 1726 1522 audita

353 146 432 182 108

1051 1642 1170 1665 tuerat:
1191 1645 1263 1665 nam
1296 1645 1312 1666 a
1341 1634 1482 1673 Principe
1505 1633 1661 1670 vetitum,
1683 1641 1724 1662 ne

1052 1674 1197 1713 Agricola
1218 1675 1413 1713 provinciam
1430 1675 1540 1704 adiret.

1090 1719 1105 1737 4
1127 1716 1265 1751 Onmsr,
1289 1726 1375 1750 QUEM
1398 1724 1527 1744 ersmis
1550 1713 1563 1748 ]
1590 1710 1626 1754 Ifl
1656 1719 1725 1740 ma-

1052 1752 1135 1783 xime
1147 1753 1233 1792 viget
1245 1754 1276 1783 in
1290 1753 1505 1792 potentiorum
1518 1752 1650 1788 injurus.
1661 1751 1726 1778 Un-

1052 1793 1089 1822 de
1102 1794 1238 1829 Seneca,
1260 1794 1297 1823 de
1319 1793 1382 1829 Ira,
1400 1794 1427 1822 ΙΙ
1442 1816 1451 1828 ,
1474 1802 1520 1829 33.
1546 1790 1604 1819 Hoc
1625 1787 1726 1816 habent

1048 1831 1179 1870 peffimum
1208 1832 1294 1861 aninssi
1312 1833 1415 1871 magnri
1426 1831 1542 1868 fortunsi
1559 1828 1725 1867 insolentes,

1051 1880 1115 1909 quos
1137 1870 1281 1909 laefi’runt,
1300 1870 1330 1899 Cr·
1351 1870 1473 1900 oderunt.

1094 1916 1101 1937 5
1126 1911 1249 1940 FAMAM
1271 1921 1438 1945 FATL'MQUE
1460 1914 1471 1944 j
1499 1909 1533 1939 Id
1553 1915 1724 1946 peccavere

380 1636 389 1650 ¹
414 1633 474 1661 Aer
497 1642 555 1662 sim
578 1643 711 1664 camus
732 1634 746 1670 ]
767 1634 845 1665 Caio
864 1633 1012 1673 Caligulae

337 1670 461 1709 agebant
496 1673 584 1701 ranas
602 1671 631 1701 ἶν’
645 1683 754 1711 quorum
771 1673 849 1702 liberi
865 1675 962 1712 occist,
982 1674 1012 1702 ἓν

337 1720 446 1745 qnorum
491 1721 543 1739 ona
576 1711 671 1740 ablata
697 1722 804 1750 erant,
839 1715 945 1743 Senec.
975 1714 1012 1743 de

337 1749 540 1789 Tranquillit.
565 1751 679 1787 animi,
701 1753 783 1782 xlv.
806 1753 842 1782 Et
861 1753 940 1790 apud
958 1754 1009 1782 Se-

337 1798 448 1818 necam
463 1812 472 1826 ‚
494 1790 532 1820 de
556 1790 622 1827 lta,
643 1792 669 1820 ll
684 1815 692 1827 ‚
716 1801 764 1829 33.
791 1791 933 1831 Norzffima
961 1802 1013 1820 vox

336 1827 372 1866 est
391 1829 466 1866 ejur,
491 1829 535 1867 qui
560 1829 587 1858 in
608 1829 680 1858 cultu
698 1840 791 1870 regum
813 1831 987 1869 consenuerat
1002 1844 1010 1859 :

337 1868 398 1895 ciam
423 1867 498 1895 illum
519 1868 627 1906 quidam
650 1869 853 1908 interrogaret,
873 1869 1012 1908 Quomodo

334 1905 494 1944 rariffinzam
511 1918 566 1936 rem
580 1908 608 1936 in
623 1908 687 1937 aulai
702 1909 856 1946 confisurus
869 1910 928 1948 effer
940 1933 948 1944 ,
961 1910 1012 1947 Je—

335 1947 467 1974 nefnzrem
478 1947 493 1975 ἒ
509 1946 654 1986 Injuriar,
676 1948 763 1987 inquit
777 1971 787 1986 ,
808 1947 965 1986 accipiendo
982 1949 1012 1977 [2-

332 1985 445 2024 gratias
460 1985 575 2025 agendo.

377 2026 571 2067 {Samnium
602 2027 617 2063 ]
647 2026 795 2057 Salarium
820 2027 899 2057 illud
924 2027 1010 2058 fuisse

336 2063 438 2093 decies
454 2064 639 2103 sestertium,
663 2066 790 2096 Gallicae
811 2075 945 2097 monetae
970 2067 1009 2096 li-

335 2102 403 2146 bra<
450 2113 575 2143 ¹94‚531
607 2127 616 2141 ‚
664 2106 787 2136 videtur
830 2116 867 2135 ex
905 2106 1010 2136 Dione

333 2140 514 2178 LXXVIII,
540 2154 606 2183 pag.
626 2147 695 2180 899.
716 2146 803 2174 Hanc
823 2145 907 2174 enim
925 2145 1008 2174 surn-

334 2190 417 2223 mam
429 2204 437 2215 ‚
457 2181 504 2212 τὰς
522 2183 591 2212 πέντε
608 2198 650 2219 ’19¹4
665 2184 740 2213 dmm
758 2184 886 2221 μυριάδας
898 2206 906 2218 ‚
925 2185 1010 2214 Aufi-

334 2219 389 2249 dio
408 2220 586 2259 Frontoni,
609 2226 679 2252 cum
696 2223 723 2253 ei
742 2223 816 2252 Afiae
836 2222 1008 2262 Africaeque

334 2259 568 2296 proconsulatus
586 2271 768 2300 negaretur,
798 2272 815 2292 a
836 2262 978 2294 Macrino
999 2287 1007 2300 ‚

333 2298 523 2336 Imperatore
536 2323 544 2336 ,
566 2300 703 2331 oblatam
719 2310 882 2332 memorat.

345 2374 352 2379 ·
374 2342 383 2363 3
408 2339 596 2369 VIDERETUR
621 2351 727 2370 rnrssr
750 2341 1008 2376 ]NoluitD0mi-

327 2381 431 2409 nanus
450 2377 550 2410 videri
569 2378 671 2412 emiffe
691 2379 821 2420 salario,
844 2381 931 2419 quod
948 2390 1006 2412 ve-

1051 1949 1165 1986 multi,
1182 1950 1235 1988 qui
1259 1949 1312 1980 sub
1337 1951 1465 1980 Nerone
1483 1949 1515 1979 &
1536 1946 1725 1978 Domitiano

1051 1989 1165 2019 famam
1181 1998 1377 2028 mortemque
1390 1997 1613 2027 provocavere.
1699 2023 1706 2029 ι

1088 2031 1100 2047 ⁶
1124 2033 1242 2065 Qmssus
1266 2040 1362 2059 morus
1385 2038 1438 2058 EST
1461 2032 1467 2050 Ἴ
1491 2026 1611 2064 Quibus
1626 2035 1724 2056 mons

1049 2067 1089 2097 est
1116 2067 1251 2103 illicita,
1284 2066 1516 2098 contumaciam
1543 2074 1654 2103 nempe
1687 2064 1723 2094 ὃς

1048 2106 1175 2137 inanem
1210 2107 1361 2137 libertatis
1404 2105 1603 2145 jaetationem
1621 2126 1632 2140 ,
1657 2113 1721 2132 rm-

1049 2145 1116 2176 rari.

1087 2191 1099 2210 7
1120 2185 1301 2216 Eri-arms
1321 2194 1418 2214 ΕτιΑΜ
1435 2180 1722 2225 10N0T13Qur]Ma-

1048 2233 1101 2255 net
1115 2224 1214 2255 adhuc
1232 2226 1373 2254 Graecum
1393 2222 1546 2261 Antiphili
1565 2230 1721 2259 epigram—

1048 2274 1117 2298 ma,
1138 2264 1224 2307 quod
1244 2273 1313 2293 cum
1331 2261 1444 2291 Latina
1462 2260 1721 2303 interpretatione

1047 2302 1151 2333 Grotir
1172 2302 1244 2332 vide
1265 2301 1299 2331 in
1315 2301 1408 2332 Notis
1428 2301 1462 2332 &
1477 2299 1720 2331 Emendationi-

1046 2342 1102 2372 bus
1119 2340 1157 2370 ad
1176 2351 1243 2380 cap.
1264 2351 1316 2378 43.
1574 2378 1580 2383 .

1085 2380 1097 2400 ⁸
1120 2382 1221 2412 Arrun
1244 2391 1340 2413 AGENS
1361 2383 1521 2415 popurus]
1541 2380 1600 2410 Hic
1613 2387 1718 2418 popu-

1756 740 1812 768 10

1752 1425 1811 1452 20
