1952 2708
449 172 1194 217 CHRONOLOGICA.
1433 192 1524 229 447

136 255 239 292 tlone
266 250 572 298 venerationeque
591 247 689 284 Urbs
717 247 997 297 adquiescebat,
1020 250 1153 287 luetum
1188 252 1319 289 adtulit
1355 261 1459 292 atrox
1488 260 1522 294 &

137 304 330 341 continuus
352 311 488 336 tremor
512 309 614 335 terrae
627 325 637 341 ‚
673 310 780 347 quem
811 297 931 334 secuta
948 297 996 335 est
1016 299 1196 337 horrenda
1217 303 1368 341 Vesuvii
1389 307 1524 344 montis

136 349 374 400 conflagratio
400 350 426 386 ¹.
445 348 689 385 Pulcherrima
712 347 922 396 Campaniae
947 360 1011 384 ora
1031 349 1155 386 misere
1183 351 1314 388 foedata
1344 368 1353 390 :
1383 355 1525 394 obrutae

136 403 215 438 duae
232 400 336 437 urbes
359 398 622 436 Herculanium
648 401 682 435 &
702 398 869 446 Pompeii
886 400 896 414 ²
914 411 923 434 ε
939 397 1037 434 vasta
1055 399 1247 437 hominum
1262 401 1389 452 strages
1404 433 1413 447 ‚
1433 420 1524 455 quos

133 451 228 489 inter
254 450 392 499 periere
405 450 571 500 Agrippa
586 448 730 498 ejusque
750 459 861 484 mater
878 448 1035 484 Drusilla
1053 450 1078 484 ³.
1104 451 1154 486 At
1168 479 1176 491 ‚
1192 451 1389 489 studiorum
1406 455 1501 493 fama
1513 485 1523 500 ,

133 513 230 538 mors
245 501 288 537 C.
304 499 412 536 Plinii
424 502 441 520 4
455 528 465 544 ,
483 512 589 550 quem
602 499 706 548 supra
720 498 999 536 memoravimus
1014 525 1023 541 ‚
1050 499 1119 534 fuit
1143 499 1357 550 insignitior.
1378 505 1412 540 Is
1427 505 1523 543 forte

133 561 212 587 tum
229 550 362 588 Miseni
375 560 469 594 erat,
489 550 700 599 classemque
717 548 871 597 imperio
892 548 1046 598 praesens
1070 549 1227 597 regebat.
1253 551 1434 591 Miraculo
1454 569 1524 592 nu-

133 601 189 638 bis
204 629 214 645 ‚
232 613 310 651 quae
327 601 365 637 in
382 600 648 637 similitudinem
669 599 891 649 formamque
909 598 1045 636 arboris
1069 612 1088 636 e
1105 599 1243 636 summo
1259 602 1419 641 Vesuvio
1449 607 1524 655 pri-

134 651 234 688 mum
248 651 323 687 visa
339 663 543 699 erumpere,
569 649 705 686 excitus
721 677 730 693 ‚
747 649 820 685 huc
847 660 1018 699 properat
1037 676 1046 692 ,
1071 649 1265 686 noscendae
1297 663 1431 689 naturae
1448 656 1524 691 avi-

134 701 211 737 dus.
240 702 338 737 Dum
355 701 471 750 pergit
485 728 494 743 ,
515 700 636 750 gliscit
654 699 854 748 periculum
868 730 877 742 ‚
904 699 1085 736 cineribus
1104 727 1113 743 ‚
1149 700 1355 749 pumicibus
1368 730 1378 746 ‚
1406 704 1524 740 ambu-

137 750 265 800 stisque
279 750 460 799 lapidibus
476 750 547 787 late
559 749 824 799 depluentibus.
839 749 1046 794 Interritus,
1062 749 1155 787 inter
1168 750 1348 795 incendia,
1361 763 1522 790 montem

131 801 248 849 petit:
267 800 465 848 sulphureis
480 800 629 835 flammis
644 799 879 849 crassioreque
895 800 1050 848 caligine
1071 800 1195 849 spiritu
1215 800 1395 839 obstrusio
1413 830 1422 846 ,
1442 816 1524 840 exa-

130 851 286 887 nimatus
299 850 347 888 est
365 851 391 886 ⁵.
421 851 541 887 Tanta
557 861 675 886 autem
698 849 767 886 fuit
791 850 930 899 ignium
944 850 1019 894 vis,
1043 861 1084 886 ut
1109 850 1244 887 cineres
1269 851 1307 887 in
1335 851 1495 889 Africam
1512 881 1524 897 ‚

130 901 271 956 Syriam
297 904 331 937 <Sc
358 902 557 949 AEgyptum
585 900 685 936 fuisse
713 899 851 937 delatos
869 900 1055 950 vulgatum
1072 900 1097 938 ⁶.
1124 900 1201 937 Ubi
1218 901 1297 937 haec
1314 900 1441 938 Romae
1463 915 1524 939 au-

131 950 207 986 dita
222 978 232 995 ‚
252 950 297 986 ab
319 951 487 987 omnibus
506 950 724 999 trepidatum
748 949 806 987 est.
831 950 1000 999 Princeps
1025 949 1070 985 ad
1090 949 1300 987 miserorum
1331 951 1460 988 solatia
1489 956 1523 990 &

130 1000 334 1038 levamenta
349 1013 448 1036 curas
463 1013 587 1037 omnes
600 998 758 1037 vertit.E
775 999 1018 1036 consularium
1036 1012 1186 1036 numero
1204 1000 1298 1036 <lusti
1309 1028 1320 1044 ,
1336 1001 1398 1050 qui
1412 1003 1524 1038 Cam-

129 1050 275 1099 paniam
304 1050 502 1099 speetarent
518 1054 550 1087 ὃς
564 1050 769 1087 refoverent
788 1051 801 1072 7
821 1064 829 1085 :
847 1049 946 1086 bona
977 1049 1226 1098 oppressorum
1244 1078 1253 1094 ,
1281 1063 1439 1098 quorum
1460 1053 1523 1090 he-

128 1100 228 1139 redes
242 1113 319 1137 nou
333 1100 536 1146 exstabant,
553 1099 770 1138 restitutioni
795 1100 1001 1136 afflietarum
1019 1100 1208 1136 civitatum
1223 1100 1394 1139 attributa
1414 1103 1440 1138 ⁸.

446 1175 586 1210 ANNUS
610 1173 658 1210 U.
679 1173 721 1210 C.
746 1158 976 1210 ncccxxx111.
1035 1174 1066 1209 J.
1087 1176 1124 1210 C.
1154 1176 1216 1211 80.

182 1245 272 1282 Tito
290 1245 452 1295 Augusto
466 1246 559 1282 VIII
573 1273 583 1290 ,
614 1245 831 1282 Domitiano
849 1245 989 1282 Caesare
1007 1245 1080 1282 VII
1098 1245 1306 1282 consulibus
1319 1274 1327 1289 ‚
1350 1259 1417 1283 nec
1435 1247 1519 1284 sau-

127 1296 246 1345 guinis
273 1296 533 1332 communione
558 1324 570 1340 ,
604 1309 672 1332 nec
699 1295 871 1332 societate
890 1296 1072 1332 honorum
1088 1323 1098 1339 ‚
1118 1308 1185 1333 nec
1203 1296 1378 1344 Principis
1401 1297 1520 1333 indul-

126 1346 251 1394 gentia
270 1345 479 1394 placabatur
501 1345 710 1382 Domitiani
737 1345 875 1381 animus
898 1374 907 1389 ,
928 1345 1189 1381 dominationis
1209 1345 1382 1394 cupidine
1404 1357 1518 1384 atrox.

126 1395 178 1432 At
195 1395 223 1431 is
237 1395 348 1432 modo
363 1395 504 1431 infidias
519 1396 618 1431 fratri
641 1395 769 1432 struere
786 1421 797 1439 ‚
824 1395 937 1431 modo
957 1394 1153 1432 sollicitare
1175 1395 1351 1432 exercitus
1364 1426 1372 1439 ,
1399 1397 1521 1446 fugam

128 1457 276 1495 quoque
303 1445 467 1481 meditari
485 1447 512 1481 ⁹.
541 1446 680 1482 Contra
702 1445 809 1481 Titus
822 1472 832 1488 ‚
863 1445 903 1481 in
921 1445 995 1482 dies
1013 1445 1227 1482 clementior
1246 1473 1257 1488 ‚
1283 1458 1353 1482 nec
1370 1446 1495 1483 saevire
1509 1474 1519 1491 ‚

129 1507 198 1532 nec
212 1495 417 1532 succensere
429 1523 440 1539 ,
456 1508 500 1532 ne
517 1496 553 1531 in
568 1495 707 1532 minore
722 1494 869 1544 quidem
885 1495 1029 1532 honore
1043 1495 1186 1532 fratrem
1206 1496 1340 1532 habere
1355 1521 1364 1537 ,
1380 1496 1439 1532 sed
1454 1497 1520 1531 im-

129 1545 221 1594 perii
233 1545 439 1582 consortem
453 1544 760 1594 successoremque
774 1545 893 1594 palam
905 1545 1036 1586 testari3
1053 1546 1189 1582 secreto
1205 1545 1344 1581 tantum
1364 1545 1520 1582 lacrimis

127 1598 162 1630 δε
180 1594 346 1643 precibus
362 1607 486 1639 orare,
506 1613 524 1628 α
541 1606 581 1631 ut
598 1595 742 1632 tandem
759 1606 886 1632 mutuo
903 1608 940 1632 er
969 1608 989 1632 a
1010 1596 1044 1632 se
1062 1595 1184 1632 animo
1210 1595 1323 1632 vellet
1346 1595 1413 1631 effe
1440 1597 1517 1633 ω»,

125 1643 221 1681 Hoec
242 1644 321 1680 Titi
349 1644 541 1682 clementia
562 1645 655 1682 intra
673 1645 822 1681 domum
840 1658 916 1682 non
938 1647 949 1681 ί
969 1646 1043 1682 etit.
1074 1645 1181 1681 Duos
1202 1657 1349 1694 quoque
1374 1646 1519 1693 patricii

124 1694 266 1743 generis
288 1695 477 1732 convistos
498 1696 535 1731 in
557 1695 784 1733 affeetatione
805 1695 948 1744 imperii
971 1695 1062 1730 nihil
1090 1694 1244 1742 amplius
1260 1722 1269 1737 ‚
1297 1694 1402 1743 quam
1438 1714 1457 1727 a
1479 1706 1519 1731 ut

125 1760 148 1775 ω
168 1742 393 1786 desisterent,
410 1762 430 1777 ω
449 1745 592 1782 monuit
614 1759 622 1781 :
649 1764 669 1778 <c
686 1745 928 1793 principatum
954 1744 1031 1781 fato
1048 1744 1122 1780 dari
1150 1758 1158 1780 :
1176 1744 1197 1779 sl
1229 1744 1317 1793 quid
1345 1755 1518 1792 praeterea

125 1809 147 1825 2>
169 1793 426 1839 desiderarent,
447 1795 483 1832 se
507 1795 722 1833 tributurum
736 1812 774 1831 υ.
798 1793 1000 1832 Confestim
1022 1794 1068 1830 ad
1089 1794 1232 1831 alterius
1249 1803 1397 1829 matrem
1410 1822 1420 1839 ,
1437 1806 1517 1843 quse

161 1887 171 1899 ¹
192 1881 469 1915 CONFLAc-RATlo]
498 1884 542 1912 De
561 1883 614 1918 qusi
632 1883 695 1910 vicie
715 1883 799 1911 Plinii
842 1883 975 1917 Agrippa.
993 1881 1070 1909 Vide
1095 1881 1216 1909 Stemma
1229 1881 1370 1909 Herodum
1393 1882 1421 1909 in
1434 1883 1518 1910 Notis

124 1916 252 1950 epistolas
270 1918 313 1945 VI
325 1938 332 1948 ‚
360 1923 389 1946 16
414 1923 441 1947 <Sc
463 1930 496 1947 20
511 1940 518 1949 ‚
545 1919 615 1946 inter
627 1918 799 1946 Tcstimonia
842 1916 1125 1946 &finiende-tionibus
1134 1917 1170 1945 ad
1182 1917 1374 1946 AnnahXII,
1387 1926 1516 1952 23‚num„
1538 1949 1540 1953 y

123 1952 257 1980 Veterum
269 1951 344 1986 supi-{1
354 1955 462 1982 relatas.
483 1955 573 1981 Multa
591 1963 699 1988 quoque
717 1953 800 1982 habet
844 1963 873 1980 η
888 1957 913 1980 &
925 1963 965 1987 15.

123 1986 204 2019 Dio,
218 1988 333 2018 LXVI,
344 1997 405 2023 pag.
416 1992 504 2023 755&
516 1988 587 2022 seqq.
878 1995 889 2011 ἢ
909 1987 945 2016 C.
959 1987 1083 2019 Pmm]
1112 1986 1170 2022 Qui
1182 1987 1310 2015 Historiae
1332 1987 1462 2014 naturalis
1482 1987 1518 2014 li-

165 2029 176 2043 2
194 2023 429 2050 ΗεκευιΑΝιυΜ
453 2031 490 2050 ΕΤ
510 2022 645 2051 Pomm
668 2026 678 2054 ]
712 2023 772 2051 Dio
793 2045 800 2054 ‚
841 2024 904 2051 bros
930 2023 1049 2057 scripsit,
1081 2031 1109 2050 ut
1128 2022 1212 2050 modo
1228 2023 1347 2050 diximus
1361 2022 1397 2050 ad
1412 2032 1517 2051 annum

124 2056 195 2085 ibid.
214 2059 253 2085 ait
266 2058 333 2085 duas
348 2058 407 2085 illas
421 2057 517 2087 urbes,
531 2059 632 2092 populo
646 2057 756 2086 sedente
771 2059 799 2086 in
841 2067 1000 2086 mcccxxx.

125 2091 233 2120 theatro
247 2113 256 2125 ,
270 2093 345 2120 fuisse
355 2093 477 2121 obrutas.
496 2093 534 2120 At
547 2093 656 2120 videtur
677 2103 740 2120 eum
760 2093 800 2121 fu·
877 2102 885 2118 ς
908 2093 1118 2121 ΕκΑΝιΜΑῑ-υς
1138 2101 1188 2120 EST
1207 2096 1216 2124 ]
1243 2093 1288 2119 De
1305 2094 1364 2125 ejus
1381 2101 1467 2120 morte
1481 2092 1516 2120 ad

122 2127 189 2161 giffe
202 2148 209 2158 ‚
223 2128 357 2155 continuo
380 2136 455 2155 terrae
479 2136 556 2154 motu
568 2128 735 2155 exterritum.
757 2128 798 2155 lbi
840 2128 969 2155 Tacitum
989 2127 1089 2161 scriptae
1109 2127 1168 2155 sunt
1191 2128 1308 2161 epistolae
1327 2126 1413 2154 Plinii
1432 2148 1439 2157 ‚
1454 2127 1516 2157 VI,

124 2163 201 2190 enim
213 2164 288 2190 nulla
300 2172 405 2196 reperta
417 2172 539 2196 corpora.
558 2163 618 2189 Hac
636 2171 727 2189 autem
738 2162 801 2190 nos·
843 2166 873 2190 16
893 2166 919 2190 &
942 2173 991 2192 20,
1003 2172 1069 2196 quas
1083 2162 1146 2190 vide
1160 2163 1230 2190 inter
1240 2162 1413 2190 Testimonia
1430 2162 1516 2190 Vete-

125 2197 166 2225 tre'i
179 2206 258 2225 aetate
279 2206 390 2232 utraque
405 2198 466 2225 urbs
483 2207 496 2224 e
511 2196 563 2224 suis
574 2197 659 2224 ruinis
675 2197 781 2224 emersit
791 2218 798 2227 ,
838 2207 898 2225 rum
908 2218 914 2227 ‚
925 2200 1017 2231 utjam
1031 2198 1202 2224 monuimus.

125 2232 329 2260 certissimarum
365 2232 695 2266 praestamiflimarumque
727 2233 799 2259 anti-
876 2235 886 2250 ⁶
907 2232 1114 2263 VULGATUM]
1140 2233 1198 2259 Dio
1208 2252 1215 2261 ,
1229 2231 1329 2259 LXVI
1341 2252 1347 2261 ‚
1362 2241 1423 2266 pag.
1436 2235 1497 2266 756.

126 2268 262 2299 quitatum
273 2267 479 2298 fecundissima,
493 2277 604 2301 quarum
616 2276 718 2300 partem
727 2268 799 2294 mul—
877 2271 885 2286 ⁷
906 2267 1136 2297 REFOVERENT]
1154 2267 1267 2294 Sueton.
1286 2268 1314 2294 in
1328 2267 1386 2294 Tit.
1405 2267 1488 2296 VIII.

128 2300 156 2328 ῐὶι
172 2311 231 2330 cum
250 2302 330 2330 laude
345 2302 477 2336 totiusque
496 2303 607 2330 literarii
622 2302 695 2330 orbis
708 2302 798 2336 plausu
876 2298 885 2314 Ζ
901 2302 1113 2333 ATTMEUTA]
1134 2302 1246 2330 Sueton.
1257 2302 1325 2329 ibid.

124 2335 173 2362 sub
198 2336 291 2371 Regiis
323 2338 448 2372 auspiciis
486 2338 658 2371 publicavere
700 2337 797 2365 eruditi
875 2334 884 2350 ⁹
900 2338 1063 2365 MssmTARI
1081 2340 1091 2368 ]
1121 2337 1235 2365 Sueton.
1262 2338 1292 2364 in
1316 2336 1374 2364 Tit.
1402 2336 1457 2364 IX.
1485 2336 1512 2363 in

131 2370 294 2399 Academici
306 2372 532 2400 Herculanenses.
839 2372 948 2400 Domir.
964 2373 1004 2400 H,

165 2413 173 2430 ³
193 2406 382 2439 DRUSILLA]
405 2407 797 2441 Jol‘ephus,Antiq.Jud.XX,
876 2414 899 2426 ¹0
917 2407 1042 2434 VELLET
1063 2411 1152 2438 csse]
1183 2409 1294 2435 Sueton.
1318 2408 1345 2434 in
1375 2407 1432 2433 Tit.
1457 2405 1513 2433 IX,

125 2449 152 2474 7.
168 2450 243 2471 num.
268 2452 291 2469 ι.
314 2442 409 2471 felicis
431 2453 497 2472 uxor
510 2442 562 2472 suit
575 2443 711 2474 Drusilla,
727 2442 798 2471 filius
839 2442 913 2472 Vide
925 2445 950 2472 ὅ(
962 2442 1108 2471 Aurelium
1120 2442 1266 2472 Vie'torem
1279 2463 1287 2473 ,
1307 2443 1335 2470 in
1346 2441 1484 2475 Epitome,
