1952 2708
375 136 463 183 438
817 120 1331 165 APPENDIX

379 210 501 246 favor,
528 202 755 252 congiarium
777 201 787 217 ¹
813 213 834 236 a
856 200 1074 237 Domitiano
1100 199 1235 236 datum.
1265 200 1308 235 In
1331 212 1376 236 eo
1402 199 1464 236 vifi
1487 199 1605 242 senes,
1620 202 1682 250 qui
1705 202 1769 240 sea

380 259 469 293 divo
495 252 657 303 Augusto
690 251 795 288 semel
817 262 922 301 atque
942 251 1071 288 iterum
1093 250 1265 300 accepisse
1285 250 1511 299 congiarium
1534 252 1723 288 narrabant
1741 254 1769 292 ².

378 305 606 343 Grandaevos
620 302 711 338 alios
723 302 857 338 multos
871 301 1034 350 prodidit
1051 301 1174 336 census
1188 327 1196 342 ‚
1222 299 1283 349 qui
1299 311 1375 335 tum
1390 300 1645 349 peragebatur3
1671 305 1704 338 &
1720 315 1767 339 ne

378 355 522 405 fingulis
536 365 716 390 moremur
731 379 740 394 ,
758 364 810 387 res
825 351 873 387 est
886 350 1045 386 confessa
1059 350 1096 384 in
1110 349 1260 398 regione
1275 349 1387 384 Italiae
1406 351 1532 385 oetas-a
1543 351 1553 369 ³
1578 353 1768 389 centenum
1812 374 1818 375 ν

378 418 558 443 annorum
577 402 702 439 censos
717 401 814 437 fuisse
841 400 1008 436 homines
1025 411 1099 435 mv.
1125 399 1316 435 centenum
1343 398 1475 434 denum
1500 399 1665 436 homines
1692 415 1767 439 xrv.

379 456 570 493 centenum
590 452 761 489 vicenum
777 451 928 501 quinum
950 449 1115 486 homines
1132 448 1223 484 duos
1239 476 1248 492 ,
1282 449 1473 484 centenum
1498 449 1673 486 tricenum
1697 453 1768 489 ho-

377 506 491 542 mines
506 514 682 554 quatuor,
704 501 895 539 centenum
916 500 1092 536 tricenum
1117 499 1267 548 quinum
1289 509 1350 534 aut
1373 497 1559 547 septenum
1583 499 1738 538 totidem
1755 529 1766 547 ‚

379 557 571 593 centenum
585 552 852 604 quadragenum
868 550 1034 586 homines
1048 559 1116 585 tres
1132 551 1159 585 4.
1173 548 1217 584 Id
1231 549 1332 584 tanto
1343 548 1512 584 curiosuis
1525 548 1769 595 observatum,

379 605 479 657 quod
496 603 693 641 mortalitas
708 603 745 638 in
764 600 867 650 longi
890 600 959 636 tevi
974 599 1050 648 spes
1072 598 1110 634 fit
1125 599 1261 648 semper
1275 599 1414 635 intenta
1425 625 1435 641 ‚
1449 602 1483 635 ὃς
1495 609 1579 635 aetas
1593 600 1768 650 Principis

378 657 425 693 ad
438 655 575 692 senium
597 663 770 703 vergeret.
785 650 926 687 Placuit
941 649 977 684 in
991 649 1116 686 eadem
1128 649 1275 686 censura
1287 649 1468 698 explorari
1482 649 1769 699 magnitudinem

378 706 509 749 Urbis,
528 717 634 753 quam
647 716 690 740 ex
702 700 848 738 tantulis
863 700 974 736 initiis
989 700 1100 735 virtus
1119 700 1283 736 Romana
1301 699 1338 735 in
1354 699 1565 737 immensum
1580 700 1766 738 extulerat.

380 757 619 805 Compertum
639 752 776 789 moenia
794 753 867 799 ejus
895 749 1077 798 collegisse
1104 750 1239 786 ambitu
1262 749 1351 798 pass.
1370 762 1436 786 xm
1450 762 1537 786 mcc
1552 751 1578 787 ⁵.
1603 750 1770 798 Ejusdem

380 806 533 855 spatium
550 803 713 840 mensura
729 811 891 838 currente
908 813 928 836 a
944 799 1114 836 milliario
1131 800 1168 836 in
1183 800 1301 849 capite
1314 800 1469 836 Romani
1487 799 1558 836 fori
1575 799 1705 838 statuto
1723 801 1769 837 ad

379 854 530 906 lingulas
545 864 665 903 portas
681 864 831 888 numero
850 850 998 900 triginta
1018 850 1152 900 septem
1170 849 1321 887 effecisse
1336 850 1494 898 passuum
1515 863 1578 899 per
1597 849 1769 888 direff’tum

381 919 453 943 xxx
470 919 497 941 M
513 915 677 940 Dchxv.
711 902 773 938 Ad
794 913 949 938 extrema
965 901 1051 937 vero
1071 903 1246 937 oe5torurn
1273 913 1355 937 cum
1379 899 1496 936 castris
1515 901 1693 949 praetoriis
1725 901 1770 937 ab

381 956 511 993 eodem
528 953 697 990 milliario
712 980 720 995 ‚
750 964 812 1000 per
831 951 934 987 vicos
954 950 1118 986 omnium
1139 951 1277 987 viarum
1303 960 1489 987 numerata
1516 949 1615 987 fuisse
1644 951 1769 1000 paullo

379 1005 534 1054 amplius
551 1002 777 1052 septuaginta
793 1000 906 1036 millia
925 1002 1094 1049 passuum.
1115 1001 1202 1047 Quo
1217 1000 1241 1036 si
1254 1001 1332 1050 quis
1351 999 1579 1037 altitudinem
1593 1004 1770 1038 tenorum

378 1055 488 1092 addat
503 1083 512 1098 ,
535 1053 681 1102 dignam
705 1051 866 1101 profesto
882 1050 1151 1087 :estimationem
1175 1050 1361 1099 concipiat
1374 1078 1383 1094 ‚
1402 1050 1624 1099 fateaturque
1638 1052 1771 1088 nullius

379 1105 477 1141 urbis
501 1102 788 1152 magnitudinem
810 1101 848 1136 in
872 1110 955 1136 toto
971 1100 1060 1136 orbe
1076 1099 1228 1148 potuisse
1244 1101 1277 1136 ei
1291 1100 1492 1148 comparari
1511 1100 1537 1136 ⁶.
1560 1100 1617 1137 Ne
1632 1102 1772 1152 magni-

379 1154 525 1192 ficentia
548 1152 614 1188 ulli
627 1151 788 1194 cederet,
805 1150 961 1187 advectae
982 1150 1142 1200 undique
1162 1162 1250 1198 opes
1273 1160 1402 1186 exterae
1416 1177 1425 1193 ,
1453 1162 1623 1199 novaque
1641 1151 1680 1187 in
1697 1152 1773 1190 dies

379 1204 639 1241 attollebantur
663 1212 909 1238 monumenta.
937 1200 1029 1236 Haec
1051 1200 1204 1250 augebat
1227 1199 1462 1248 Vespasianus
1481 1226 1490 1242 ‚
1515 1200 1670 1245 refectis,
1692 1215 1773 1252 quae

381 1255 544 1291 labarent
558 1281 566 1296 ‚
585 1252 698 1289 tacito
714 1251 860 1301 quidem
876 1251 938 1286 suo
957 1250 1126 1294 nomine,
1147 1250 1207 1286 sed
1227 1250 1364 1286 servata
1381 1260 1543 1286 veterum
1562 1250 1771 1302 inscriptio-

379 1319 468 1342 num
489 1303 624 1353 gloria‚
653 1301 829 1350 cumipse
844 1300 974 1336 additis
995 1300 1102 1336 novis
1130 1299 1487 1350 splendidissimisque
1504 1300 1674 1349 operibus
1690 1303 1772 1339 satis

379 1353 640 1392 inclaresceret.
657 1353 775 1400 Atque
795 1362 833 1387 ut
846 1350 955 1386 Urbis
971 1350 1156 1398 splendori
1175 1363 1218 1386 ex
1237 1350 1371 1385 civium
1392 1350 1552 1386 moribus
1582 1363 1624 1387 ac
1649 1352 1772 1402 digni-

379 1417 453 1442 tate
468 1403 654 1440 accederet
669 1401 775 1438 decus
786 1429 795 1444 ,
810 1401 968 1437 senatum
984 1404 1016 1436 <Sc
1029 1400 1188 1449 equitem
1203 1399 1379 1437 recensuit
1391 1413 1400 1436 ε
1412 1400 1582 1436 summoti
1592 1401 1772 1452 indignis-

381 1456 483 1492 simus
498 1452 666 1503 quisque3
691 1450 970 1489 &honestissimi
985 1450 1198 1486 Italicorum
1223 1463 1264 1486 ac
1287 1449 1569 1498 provincialium
1600 1452 1727 1488 adleffi
1746 1454 1771 1490 ⁷.

382 1507 439 1541 Ita
459 1503 688 1552 amplissimos
707 1501 852 1537 ordines
866 1500 929 1536 sub
944 1500 1125 1549 prioribus
1143 1500 1372 1548 Principibus
1394 1499 1493 1536 caede
1509 1500 1608 1536 varia
1621 1502 1774 1538 exhaus-

382 1567 459 1597 tos,
488 1553 648 1590 veterive
668 1551 936 1588 contaminatos
956 1550 1178 1600 negligentia
1195 1578 1203 1594 ,
1225 1550 1393 1600 purgavit
1414 1550 1666 1601 supplevitque
1684 1581 1694 1596 ,
1713 1562 1773 1597 ut,

384 1606 467 1642 cum
487 1603 657 1639 ducentas
676 1612 799 1651 gentes
822 1602 860 1637 in
883 1601 1006 1637 senatu
1021 1602 1082 1637 vix
1100 1601 1278 1649 reperisset
1294 1628 1303 1644 ‚
1335 1600 1435 1637 mille
1470 1602 1717 1650 composuerit
1741 1603 1768 1638 ⁸.

383 1655 430 1691 Et
447 1667 490 1690 ne
507 1663 694 1702 paupertas
708 1652 844 1699 probro
862 1652 944 1689 esset
958 1679 969 1695 ‚
994 1651 1198 1689 consulares
1226 1651 1355 1700 inopes
1381 1650 1571 1701 quingenis
1586 1651 1746 1690 sestertiis
1757 1653 1772 1692 ‚⁹s

386 1704 512 1740 annuis
533 1702 751 1739 sustentavit.

720 1777 857 1813 ANNUS
875 1776 924 1812 U.
943 1776 986 1813 C.
1008 1787 1225 1812 Dcccxxvn.
1281 1781 1314 1814 J.
1339 1777 1374 1812 C.
1390 1787 1452 1824 74.

437 1852 656 1901 Vespasiano
675 1850 838 1900 Augusto
853 1851 885 1887 V
901 1877 909 1892 ‚
925 1850 1016 1886 Tito
1031 1850 1169 1886 Caesare
1182 1849 1238 1885 ΠΙ
1259 1849 1478 1886 consulibus.
1491 1851 1638 1886 Peraao
1654 1849 1776 1894 censu,

385 1904 576 1940 conditum
597 1901 645 1939 est
657 1901 799 1937 lustrum
813 1900 956 1950 imperii
977 1901 1182 1950 supremum
1197 1901 1238 1936 ¹⁰.
1259 1901 1354 1936 Tum
1374 1899 1543 1949 Princeps
1566 1899 1744 1936 Achaiam
1758 1926 1773 1946 ,

423 2027 430 2038 ¹
455 2016 687 2045 Coucramust]
710 2013 756 2041 De
781 2023 835 2047 quo
858 2012 964 2041 dicium
982 2013 1059 2048 supra
1101 2015 1163 2042 nius
1174 2014 1236 2044 ΙΙΙ,
1255 2022 1279 2047 5.

386 2062 516 2089 pagam.
1140 2059 1149 2071 ⁷
1170 2048 1438 2077 Paovmcmtnm
1459 2057 1591 2077 Αυιῑετῐ
1609 2051 1621 2080 ]
1660 2046 1774 2076 Sueton-

422 2096 430 2107 2
454 2089 653 2115 NARRAEANT
667 2088 678 2117 ἶ,
693 2084 785 2112 Tacit.
800 2084 914 2118 Dialog.
930 2083 964 2111 de
978 2083 1058 2112 Orat.
1101 2085 1129 2111 in
1141 2083 1302 2118 Vespasian.
1321 2084 1376 2111 IX.

387 2134 445 2157 cap.
469 2133 506 2154 ιὰ.
1138 2124 1146 2139 2
1168 2121 1268 2146 MILLE
1287 2122 1526 2151 COMPOSUERIT]
1547 2118 1641 2147 Aurei.
1657 2118 1772 2150 Viam,

424 2166 430 2182 3
456 2158 593 2185 Raoroxa
604 2157 722 2183 Imm}
738 2157 884 2186 ocri-xvia]
905 2154 980 2181 Inter
992 2154 1059 2181 Ari-
1101 2154 1135 2182 de
1147 2154 1312 2183 Caesaribus,

386 2195 491 2221 minum
502 2212 508 2221 ,
524 2191 626 2219 Rimini
638 2211 644 2220 ,
657 2195 683 2218 δε
694 2190 866 2218 Placentiam
878 2209 885 2219 ,
897 2189 1043 2221 Plaisance.
1136 2198 1146 2214 9
1171 2189 1349 2225 Qumcrms
1367 2197 1544 2217 sssrrzrtrns
1564 2192 1575 2220 ]
1605 2188 1716 2216 sueton.
1746 2189 1774 2214 in

422 2237 434 2253 ε·
458 2228 601 2254 Hostius
623 2234 698 2254 Tafis
716 2229 726 2258 ]
751 2225 817 2252 Haec
840 2224 935 2252 omnia
954 2223 1060 2251 Plinius
1101 2224 1261 2258 Vespafian.
1276 2233 1360 2253 xvu.
1378 2224 1532 2259 Quingena
1553 2232 1643 2251 autem
1653 2222 1773 2251 sestertia.

387 2263 449 2290 VII
462 2283 468 2291 ,
481 2271 526 2293 49.
1101 2259 1160 2287 sunt
1172 2260 1287 2287 Gallicae
1300 2268 1418 2287 monetae
1431 2260 1505 2287 librae
1520 2262 1626 2292 97,265.

424 2306 432 2322 ς
453 2297 540 2325 PAss.
561 2305 622 2324 xm
639 2294 867 2326 r.1.cc.]Dehac
880 2295 954 2322 urbis
964 2294 1060 2322 Rom-22
1139 2300 1164 2312 ¹⁰
1184 2295 1309 2322 IMPERII
1329 2298 1519 2325 sumtuum]
1543 2292 1726 2323 Censorinus,
1744 2292 1775 2319 de

388 2332 579 2367 magnitudine
609 2329 777 2357 differuimus
814 2329 890 2363 supra
915 2330 998 2356 Tom.
1021 2329 1060 2356 II.
1102 2329 1155 2356 Die
1168 2329 1266 2356 natali.
1280 2339 1339 2363 cap.
1355 2331 1394 2357 18.
1415 2329 1460 2356 De
1473 2327 1551 2355 censu
1565 2328 1700 2361 lustroque
1717 2328 1775 2354 Ro-

387 2377 448 2402 pag.
463 2369 520 2402 378.
1103 2374 1247 2392 manorum
1257 2363 1376 2392 diximus
1393 2364 1422 2390 in
1432 2364 1515 2390 Notis
1529 2362 1777 2392 &Emendationi-

423 2406 434 2422 ⁶
453 2403 648 2430 COMPARAM
672 2403 682 2431 ]
713 2398 780 2426 Haec
798 2402 826 2426 δε
844 2397 983 2432 superiora.
1004 2398 1063 2426 Pli-
1104 2399 1152 2427 bus
1163 2399 1199 2427 ad
1210 2399 1314 2427 Annal.
1329 2399 1393 2432 XI,
1408 2408 1450 2432 ις.
