1952 2708
426 143 514 191 252
591 120 814 179 No'TAE
858 136 943 179 ET
989 118 1701 191 EMENDATIONESgssoe.

475 213 558 249 NEC
589 225 710 250 TANTI
738 227 973 252 REIPUBLICAE
998 220 1015 262 ]
1045 216 1089 252 In
1117 216 1193 252 Mss.
1219 215 1335 253 Vatic.
1374 229 1427 252 nec
1454 228 1535 255 tuta.
1557 217 1701 255 Veteres
1732 218 1810 255 edi-

426 262 544 298 tiones
560 293 567 305 ,
594 276 648 299 nec
673 276 743 299 tuta
766 266 841 312 resp.

479 313 563 348 NEC
592 325 705 349 BONAE
734 327 894 350 rorzMAM
926 318 1225 360 ELOQUENTIAE]
1255 315 1310 350 Ita
1332 315 1414 350 libri
1440 328 1562 352 omnes
1591 317 1689 353 editi.
1724 317 1809 352 Mu-

426 371 519 397 retus
553 363 697 406 mallet,
720 364 860 408 famam.
894 365 1041 398 Formam
1076 363 1195 411 probo
1226 375 1375 411 propter
1413 364 1487 400 vim
1524 369 1557 402 &
1582 366 1811 414 elegantiam.

424 410 551 447 Potius
583 412 872 455 emendaveriim
906 413 977 447 hene
1011 425 1077 460 pro
1102 413 1197 448 honae.
1230 412 1342 448 Favet
1373 414 1438 449 Ms.
1468 413 1585 453 vatic.
1616 417 1740 461 1862,
1770 416 1809 450 in

425 472 499 509 quo
524 460 667 508 quidem
694 461 886 510 scriptum,
912 462 997 496 bonae
1013 489 1022 504 ‚
1052 461 1110 496 sed
1134 461 1237 508 suprz‘a
1258 461 1451 510 scriptum,
1480 463 1565 500 hene.

475 509 573 545 TALI
597 522 715 548 ExlTU
738 515 755 557 ]
785 510 923 546 Frustra
946 509 1108 547 Ernestus
1131 521 1269 554 tentat,
1294 515 1369 557 pari
1397 514 1499 547 exitu.

478 608 586 645 CAP.
615 608 706 646 XLI.
734 610 855 654 QUOD
885 621 1073 645 SUPEREST
1101 622 1147 645 Ex
1175 621 1355 652 ANTiouls
1386 621 1630 646 ORATORmUs
1661 613 1678 657 ]
1706 611 1810 648 Libri

425 657 539 701 editi,
572 660 653 707 quod
673 658 812 706 superest
838 662 976 705 antiquis
1001 661 1188 696 oratoribus.
1212 659 1435 695 Emendabat
1457 660 1691 703 Gronovius,
1723 664 1811 696 anti-

424 711 488 756 qui.
514 708 581 744 Sed
607 708 643 743 in
667 708 766 743 sensu
789 720 830 743 ac
854 708 970 744 verbis
992 708 1114 744 neseio
1143 708 1230 758 quid
1261 709 1339 744 duri
1364 708 1450 745 inest
1466 737 1475 752 ,
1504 709 1526 743 si
1551 709 1699 757 legeris,
1726 711 1808 758 quod

413 757 555 805 superest
579 760 702 805 antiqui
726 759 900 793 oratoribus
917 759 1043 805 forum.
1071 757 1190 794 Multo
1218 759 1442 807 probabilius
1466 758 1630 795 excidiffe
1661 771 1807 809 praepo-

423 806 587 843 sirionem
610 820 661 842 ex.

476 856 567 892 NON
594 868 824 894 EMENDATA:
849 859 866 903 ]
895 856 992 894 Bene
1015 856 1160 906 Lipfius.
1187 856 1374 906 Perperam
1406 857 1444 891 in
1467 858 1647 894 veteribus
1674 859 1809 896 editio-

420 906 546 948 nibus,
575 907 748 941 emendare.

474 957 568 999 Quts
598 967 694 991 ENIM
719 968 789 992 NOS
820 959 837 1000 ]
868 956 1016 1004 Optime:
1050 956 1115 992 Ms.
1150 955 1290 993 Fames.
1328 966 1367 992 ut
1406 956 1494 992 reffle
1530 957 1623 993 vidit
1659 957 1804 1007 Lipfius.

421 1004 566 1041 Pessim&
593 1005 676 1040 libri
699 1005 809 1048 editi,
835 1018 1055 1053 argumentum
1078 1006 1201 1052 quidem
1228 1006 1270 1053 est
1295 1021 1307 1039 .·
1331 1007 1411 1054 quod
1434 1019 1520 1041 nemo
1546 1020 1610 1042 nos.

468 1055 516 1090 IN
548 1066 762 1090 CIVITATEM
792 1058 1011 1100 NosTnAm]
1044 1054 1224 1096 Pithoeus,
1253 1059 1286 1090 in
1308 1057 1484 1090 clientelam
1511 1057 1660 1102 nostram.

474 1103 566 1139 NON
597 1109 752 1150 QUERI]
781 1104 907 1139 Mallet
932 1104 1116 1146 Muretus,
1143 1117 1204 1138 non
1221 1104 1312 1151 fieri.
1338 1105 1455 1148 Queri,
1486 1117 1559 1140 non
1579 1105 1754 1153 displicet.

469 1153 683 1189 Vrumczxffl
707 1156 724 1198 ]
752 1153 808 1188 Ita
825 1152 959 1203 Lipsius
979 1157 1011 1189 ὃς
1034 1153 1277 1190 Recentiores.
1298 1153 1343 1188 In
1366 1153 1544 1191 veteribus
1562 1155 1805 1200 editionibus,

412 1203 569 1251 judicari.

472 1252 611 1288 MiNoR
643 1263 865 1288 ORATORUM
888 1256 905 1299 ]
935 1252 1012 1290 ΜΠ.
1034 1253 1153 1289 Varie.
1178 1265 1339 1289 oratorum
1365 1255 1487 1289 horum.

472 1302 585 1338 BONO
615 1314 757 1338 SAECULI
785 1314 841 1338 sm
867 1307 883 1348 ]
915 1301 967 1337 Ita
1001 1302 1077 1338 Mff.
1110 1303 1226 1340 Vatic.
1255 1303 1437 1350 Corrupto
1462 1303 1499 1337 in
1522 1304 1700 1340 veteribus
1725 1305 1804 1341 edi-

420 1351 603 1393 tionibus,
631 1353 723 1399 hujus
738 1352 849 1398 saeculi
867 1352 932 1397 sui.
960 1351 1048 1388 Inde
1074 1352 1196 1401 postea
1222 1352 1448 1389 emendatum
1464 1383 1471 1394 ,
1502 1354 1588 1387 honis
1604 1356 1714 1400 saeculi
1735 1356 1800 1400 fici.

473 1401 564 1437 CUM
595 1404 767 1446 OPTIMI]
797 1400 932 1436 Frustra
967 1411 1080 1437 tentat
1114 1401 1272 1451 Lipfius,
1309 1415 1379 1438 cum
1416 1405 1551 1449 optimis.
1585 1402 1804 1454 Rodolphus

419 1449 618 1502 Agricola,
646 1452 715 1484 cum
745 1454 863 1497 optima
884 1453 944 1486 εἰτὸ
971 1449 1162 1501 censeantur.

475 1549 584 1588 CAP.
610 1548 721 1588 XLII.
749 1550 1009 1600 ANTioUARns
1032 1551 1050 1597 ]
1079 1549 1158 1588 ΜΠ.
1180 1549 1297 1589 Vatic.
1323 1563 1393 1586 cum
1420 1553 1622 1600 antiquariis,
