1952 2708
619 154 1156 201 AGRICOLA.
1483 167 1574 211 '105

257 237 485 279 XXXIX.
517 237 561 277 H
571 249 670 276 UNC
697 251 827 276 rerum
865 237 1051 287 cursum,
1079 254 1315 292 quamquam
1349 236 1460 281 nulla
1487 254 1580 281 ver-

196 302 338 342 borum
359 298 542 352 jaelantia
560 298 734 355 epistolis
750 298 952 354 Agricolae
975 301 1153 349 amium,
1173 314 1217 340 ut
1238 302 1476 344 Domitiano
1497 318 1581 344 mo-

194 364 246 404 ris
265 376 367 413 erat,
387 363 520 403 fronte
538 360 670 413 laetus,
690 364 850 418 petitore
870 363 1009 402 anxius
1031 363 1204 417 excepit.
1222 363 1355 403 Inerat
1375 367 1580 408 conscien-

193 427 278 476 τῖε,
316 426 461 467 derisui
493 425 605 466 fuisse
642 440 767 481 nuper
795 424 937 465 falsum
969 431 978 446 ¹
1008 440 1030 465 e
1061 423 1278 465 Germania
1304 427 1583 482 triumphum‚'

142 502 165 545 5
196 490 339 544 emptis
364 503 433 544 per
459 490 728 538 commercia,
755 503 925 542 quorum
950 487 1107 528 habitus
1136 491 1176 528 &
1200 489 1327 528 crines
1351 492 1364 508 ²
1388 491 1429 528 in
1454 493 1580 546 capti-

193 567 338 592 vorum
361 553 535 608 speciem
556 552 843 593 formarentur:
866 565 905 592 at
928 566 1036 592 nunc
1058 566 1191 592 veram
1213 564 1478 605 magnamque
1500 554 1581 594 vic-⁴

191 617 366 665 toriam‚
396 628 459 655 tot
483 613 659 655 millibus
694 616 866 655 hostium
897 615 1026 664 caefis,
1056 615 1212 669 ingenti
1244 612 1349 654 fama
1375 613 1581 658 celebrari.

193 678 240 718 Id
265 677 333 718 fibi
361 678 535 718 maxime
557 676 866 718 formidolosum
882 707 894 728 ,
923 679 1067 734 privati
1091 677 1266 717 hominis
1292 691 1441 717 nomen
1465 678 1580 733 supra

191 742 388 797 Principis
410 739 563 782 attolli:
591 742 727 782 frustra
751 741 874 781 studia
898 741 1002 791 fori,
1026 745 1067 780 &
1090 739 1272 781 civilium
1296 740 1440 780 artium
1460 740 1583 781 decus

117 819 167 844 10
194 805 235 844 in
263 803 460 844 silentium
483 805 590 855 aesta,
619 805 645 843 si
669 804 882 845 militarem
907 803 1078 859 gloriam
1106 803 1205 844 alius
1229 816 1447 859 occuparet
1474 807 1512 842 ³:
1543 807 1585 843 ὃς

111 1447 168 1475 20

195 881 327 908 cetera
344 880 562 922 utcumque
580 867 737 908 facilius
758 866 1008 916 dissimulari,
1030 867 1142 907 ducis
1164 866 1261 906 boni
1279 867 1585 922 Imperatoriam

194 932 383 971 virtutem
405 931 494 971 effe.
518 930 684 972 Talibus
707 931 812 971 curis
834 931 1033 971 exercitus
1050 959 1063 980 ,
1090 929 1277 983 quodque
1303 930 1407 969 saevae
1435 930 1584 984 cogita-

194 995 315 1034 tionis
335 994 531 1035 indicium
550 1008 658 1044 erat,
686 993 842 1034 secreto
863 993 933 1034 suo
954 998 971 1021 4
992 993 1152 1033 satiatus
1168 1021 1180 1042 ,
1206 994 1403 1047 optimum
1427 993 1467 1032 in
1489 1007 1584 1048 prae-

193 1055 319 1097 sentia
338 1058 496 1108 statuit,
517 1071 712 1112 reponere
733 1057 872 1098 odium
901 1061 914 1088 5
930 1086 943 1106 ‚
971 1055 1102 1097 donec
1125 1057 1297 1111 impetus
1325 1056 1437 1096 famae
1464 1059 1503 1096 ὅ(
1527 1055 1584 1096 sa-

195 1134 269 1161 vor
294 1121 492 1162 exercitus
518 1119 818 1176 languesceret:
846 1135 937 1160 nam
958 1120 1079 1160 etiam
1105 1132 1191 1159 tum
1210 1117 1405 1174 Agricola
1433 1119 1586 1160 Britan-

193 1184 301 1224 niam
326 1183 546 1224 obtinebat.

258 1247 354 1288 XL.
389 1247 571 1286 101TUR
599 1263 621 1283 «
644 1245 901 1302 triumphalia
929 1258 1164 1287 ornamenta
1189 1243 1232 1295 ⁶,
1259 1249 1299 1286 ὃς
1328 1243 1485 1285 illustris
1510 1246 1586 1286 sta-

193 1323 300 1350 )›tuae
326 1314 340 1337 ⁷
369 1310 594 1359 honorem,
623 1313 663 1350 ὅ(
690 1309 882 1363 quidquid
915 1324 988 1364 pro
1013 1310 1220 1364 triumpho
1244 1308 1357 1348 datur
1380 1326 1424 1358 »‚
1451 1307 1585 1349 multo

194 1371 406 1413 verborum
432 1374 588 1413 honore
611 1371 839 1422 cumulata,
867 1372 1030 1412 decerni
1056 1373 1097 1412 in
1131 1371 1270 1412 senatu
1305 1369 1442 1422 jubet,
1474 1371 1587 1411 addi-

197 1450 272 1490 que
296 1436 454 1492 insuper
483 1437 745 1492 opinionem,
770 1436 924 1490 Syriam
954 1435 1206 1492 provinciam
1239 1432 1443 1488 Agricolae
1471 1434 1588 1474 desti-

198 1573 337 1610 offordz,
359 1574 453 1604 rediit
465 1598 473 1612 ‚
495 1583 529 1605 ut
543 1583 609 1605 turn
629 1574 768 1605 exercitu
779 1597 787 1609 ,
803 1582 868 1605 tum

197 1613 287 1643 clall'e
309 1624 463 1644 novarum
485 1615 626 1654 gentium
651 1614 748 1645 animi
773 1622 870 1645 terre-

197 1662 313 1683 rentur.

240 1698 247 1710 ¹
274 1693 385 1722 Num
405 1695 549 1731 rusum]
566 1694 635 1723 Hoc
650 1703 734 1723 anno
749 1716 757 1729 ‚
779 1692 869 1722 Urbis

197 1731 333 1762 conditae
356 1743 558 1764 mcccxxxvn
572 1756 581 1768 ‚
604 1732 804 1762 Domitianus
819 1732 868 1767 ,in

197 1771 397 1801 Germaniam
416 1772 569 1810 profectus
582 1796 591 1807 ‚
608 1782 647 1801 ne
660 1772 727 1802 viso
741 1772 868 1810 quidem

197 1809 282 1840 hoste
296 1834 305 1846 ‚
342 1811 475 1841 Romam
504 1819 693 1847 reverterat,
709 1812 742 1841 &
756 1811 868 1841 trium-

198 1848 355 1887 phaverat.
380 1851 459 1880 Vide
471 1851 609 1880 Dionem
626 1874 634 1887 ,
660 1852 786 1881 LXVII.
802 1860 869 1888 pag.

196 1892 268 1926 760.
294 1889 360 1919 Nos
384 1899 511 1928 qnoque
532 1889 562 1919 in
576 1889 756 1929 Appendice
770 1889 871 1920 Chro-

198 1927 346 1965 nologicai
365 1929 402 1959 ad
418 1929 500 1959 hunc
513 1939 630 1959 annum

238 1969 249 1982 ²
274 1967 413 1998 Haemus
444 1979 482 1998 rr
504 1980 614 1998 chNES
637 1969 651 2005 ]
689 1968 738 1999 Sic
754 1968 786 1998 in
799 1970 872 2006 Sup-

199 2005 360 2048 pleniento
385 2008 497 2037 Annal.
515 2009 585 2038 VIII
602 2031 610 2043 ,
641 2009 677 2044 38
698 2030 707 2043 ,
736 2007 872 2036 vidimus

200 2046 312 2074 Caium
328 2045 499 2084 Caligulam
517 2046 652 2084 proceris
667 2047 852 2084 corporibus
863 2070 872 2082 ,

199 2083 387 2116 &rutilaris
402 2084 537 2115 crinibus
564 2086 784 2116 Germanicam
803 2085 873 2115 vic-

200 2123 313 2153 toriam
329 2123 524 2154 ementitum.

241 2167 250 2188 3
275 2164 372 2192 Atius
395 2164 612 2200 occurnnrr]
640 2162 841 2193 Domitianus
865 2185 874 2198 ,

199 2200 308 2231 alienae
329 2202 425 2231 landis
441 2202 529 2237 osor,
551 2202 645 2232 studia
662 2201 742 2237 fori,
766 2202 875 2232 civiles

200 2249 279 2271 artes
293 2265 300 2277 ‚
323 2240 479 2281 ipsamque
495 2241 723 2279 philosophiam
740 2241 771 2270 in
789 2240 877 2270 filen-

201 2279 280 2309 tium
305 2289 426 2316 egerat,
447 2280 539 2315 viris,
567 2280 622 2312 hae
646 2280 735 2309 laude
763 2279 851 2310 claris
867 2303 876 2316 ‚

203 2319 368 2356 negleffls,
387 2327 439 2350 ant
456 2330 493 2349 ex
509 2320 590 2350 Urbe
613 2318 712 2357 pulsis.
732 2321 808 2355 Quae
828 2327 875 2348 ta-

207 2366 279 2387 men
293 2358 398 2390 omnia
417 2358 518 2388 frustra
533 2358 731 2394 recidebant,
754 2357 773 2387 fi
788 2358 878 2396 Agri-

205 2395 279 2427 cola
290 2397 455 2427 militarem
464 2397 597 2437 gloriam
608 2408 690 2431 nunc
703 2405 876 2438 occuparet.

327 2457 433 2500 Tom.
475 2460 570 2502 IV.

909 1575 1021 1605 Cetera
1037 1572 1158 1604 facilius
1174 1572 1370 1609 diffimulari3
1390 1571 1467 1602 boni
1485 1579 1589 1602 autem

909 1614 995 1644 ducis
1017 1614 1109 1644 decus
1123 1636 1131 1648 ‚
1164 1612 1311 1642 virtutem
1341 1612 1398 1641 else
1430 1611 1589 1649 propriam

908 1652 1058 1691 Principis
1068 1676 1075 1688 ‚
1086 1651 1139 1691 qui
1150 1650 1348 1690 Imperatoris
1358 1650 1489 1680 nomine
1503 1661 1591 1680 exer-

909 1692 1022 1723 citibus
1040 1691 1182 1730 praeess'et.
1494 1727 1499 1731 ι

948 1736 963 1755 4
983 1734 1128 1762 SEcRETO
1152 1741 1209 1759 suo
1232 1730 1245 1766 ]
1266 1730 1342 1759 Inde
1358 1727 1474 1758 Plinius
1493 1738 1523 1756 in
1541 1728 1592 1758 Pa-

909 1781 967 1810 neg
993 1770 1045 1801 ric.
1057 1771 1206 1805 XLVIII,
1216 1768 1433 1799 Domitianum
1444 1766 1590 1803 exhibet,

909 1820 969 1839 rene
990 1809 1334 1848 rarftmperfi’rretumque
1347 1815 1503 1842 (aptantem
1515 1829 1523 1842 ‚
1539 1815 1590 1834 nec

909 1859 1033 1888 umquam
1048 1847 1300 1888 exfhlitudinefini
1316 1845 1491 1884 prodeuntem
1504 1867 1512 1881 ‚
1536 1843 1588 1884 711st

911 1888 1126 1927 urfhlimdinem
1139 1887 1258 1924 jaceret.
1517 1923 1522 1928 .

952 1934 959 1955 5
983 1929 1150 1958 REPONERE
1172 1937 1276 1957 onium
1298 1924 1456 1962 ]Difserre
1470 1923 1594 1954 odium:

950 1969 963 1987 ⁶
984 1968 1216 1997 ΤκιυΜΡῑ-ιΑωΑ
1246 1974 1437 1996 οῐῐΝΑΜιῑΝτΑ
1466 1965 1479 2001 ]
1512 1964 1590 2006 Non

912 2006 1009 2045 ipsum
1029 2006 1219 2044 triumphum
1232 2028 1240 2039 ‚
1262 2004 1316 2042 qui
1336 2004 1374 2033 ab
1397 2013 1480 2046 anno
1504 2002 1593 2045 Urbis

912 2046 1048 2076 conditae
1066 2056 1169 2076 nccxr„
1188 2043 1312 2081 privatis
1329 2042 1510 2072 horninibus
1533 2049 1592 2071 tri-

913 2085 968 2114 bui
985 2084 1073 2114 defiit
1086 2108 1094 2119 ‚
1121 2092 1154 2113 ut
1172 2082 1243 2112 solis
1259 2081 1450 2119 Principibus
1466 2080 1594 2111 Caesari-

913 2124 1008 2154 busve
1022 2123 1236 2153 reservaretur.
1253 2122 1382 2151 Novum
1396 2119 1474 2150 illud
1489 2120 1594 2150 adula-

914 2163 1010 2193 tionis
1035 2172 1130 2201 genus
1149 2159 1272 2191 invenit
1299 2159 1451 2199 Agrippa,
1473 2168 1506 2190 ut
1528 2160 1595 2188 Au-

914 2203 998 2242 gusso
1013 2201 1246 2240 gratificaretur.
1257 2200 1328 2229 Haec
1339 2198 1474 2238 pluribus
1491 2198 1594 2237 expli-

916 2250 963 2272 cat
980 2241 1065 2275 Dio,
1090 2242 1180 2275 LIV,
1209 2249 1276 2277 pag.
1303 2241 1371 2277 538.
1401 2239 1593 2268 Ornamenta

916 2289 1019 2310 autern
1039 2278 1236 2317 triumphalia
1261 2277 1345 2307 fuere
1369 2276 1457 2308 vestis
1484 2277 1593 2307 trium-

917 2319 1032 2358 phalis,
1047 2318 1169 2357 aliaque
1183 2316 1439 2355 triumphantium
1453 2314 1594 2356 insignia.

957 2365 969 2384 7
991 2360 1151 2388 Irrusrms
1181 2367 1305 2387 STATUAE
1334 2358 1347 2393 ]
1382 2353 1594 2392 Tr'umpltalrs

918 2407 953 2429 ac
978 2397 1120 2430 laureatae
1135 2396 1234 2428 statuae
1254 2395 1286 2428 in
1307 2394 1390 2429 foro,
1407 2394 1486 2426 Vide
1510 2392 1597 2434 supra.

1363 2454 1404 2503 Q
