1952 2708
607 160 1174 205 GERMANIA.
1532 180 1583 216 19

199 248 289 297 tim,
310 245 392 302 ipse
411 241 681 301 paterfamiliae
704 248 739 292 ¹,
759 255 943 298 precatus
964 242 1081 290 deos,
1103 241 1321 296 caelumque
1343 246 1584 302 suspiciens,

198 325 258 353 ter
283 307 456 364 singulos
481 305 617 356 tollit,
647 304 849 355 sublatos,
883 305 1099 345 secundum
1137 306 1358 360 impressam
1390 311 1480 350 ante
1509 326 1584 352 no-

197 388 279 416 tam
294 404 306 423 ,
334 374 628 427 interpretatur.
656 372 699 411 Si
721 368 1011 426 prohibuerunt
1025 398 1037 418 ,
1066 367 1176 408 nulla
1190 398 1203 418 ,
1225 368 1273 408 de
1294 367 1432 409 eadem
1455 387 1494 411 re
1509 403 1519 421 ‚
1543 375 1586 415 in

199 437 386 479 eumdem
408 435 515 476 diem
531 465 543 485 ,
574 432 838 475 consultatio:
870 433 923 472 [in
945 432 1169 488 permissum
1187 462 1200 481 ,
1229 432 1497 487 auspiciorum
1519 436 1587 476 ad-

144 513 171 557 5
200 503 281 542 huc
304 499 399 540 fides
420 500 606 554 exigitur.
624 497 676 537 Et
695 496 797 536 illud
817 497 978 550 quidem
997 498 1117 537 etiam
1138 497 1204 536 hic
1229 509 1395 546 notum,
1419 498 1553 537 avium
1571 502 1586 519 ²

199 579 321 607 voces
338 594 351 614 ‚
381 562 617 615 volatusque
642 562 900 615 interrogare.
924 561 1133 615 Proprium
1159 560 1290 613 gentis
1319 563 1327 586 ³
1349 589 1361 608 ,
1392 574 1588 613 equorum

199 642 359 683 quoque
381 626 567 683 praesagia
587 640 634 666 ac
657 626 835 665 monitus
862 625 1055 680 experiri:
1082 622 1244 680 publice
1265 620 1425 663 aluntur
1448 623 1587 666 iisdem

201 689 457 732 nemoribus4
474 705 521 730 ac
541 688 642 730 lucis
663 719 675 739 ,
710 688 870 729 candidi
891 719 902 738 ‚
945 692 985 728 ὅς
1016 686 1130 728 nullo
1156 684 1316 727 mortali
1339 700 1460 741 opere
1488 702 1589 727 con-

202 756 320 804 taffi,
349 769 447 808 quos
475 753 621 809 preffos
651 753 762 793 sacro
789 768 907 793 curru
934 751 1117 792 sacerdos
1134 781 1147 802 ,
1177 767 1224 792 ac
1250 764 1347 800 rex,
1383 748 1449 789 vel
1479 751 1590 805 prin-

122 831 174 858 10
203 833 297 874 ceps
327 818 527 866 civitatis,
559 818 831 867 comitantur,
863 815 1122 869 hinnitusque
1156 830 1203 855 ac
1238 814 1418 854 fremitus
1458 812 1592 854 obser-

202 895 310 922 vant.
337 882 431 922 Nec
463 879 537 920 ulli
568 880 746 936 auspicio
776 878 902 931 major
938 879 1062 928 fides,
1105 893 1187 918 non
1216 877 1343 917 solum
1372 876 1478 932 apud
1504 875 1592 932 ple-

204 943 324 994 bem,
353 943 420 984 sed
451 943 556 1000 apud
590 958 804 999 proceres,
834 942 940 998 apud
973 941 1211 982 sacerdotes.
1237 943 1289 982 Se
1318 941 1424 981 enim
1456 940 1594 980 minis-

202 1022 286 1049 tros
310 1007 475 1048 deorum
490 1038 502 1057 ,
527 1006 618 1048 illos
639 1007 822 1047 conscios
846 1019 998 1062 putant.
1020 1005 1084 1044 Est
1106 1010 1146 1046 ὃς
1168 1005 1244 1046 alia
1265 1004 1491 1045 observatio
1513 1003 1594 1043 aus-

204 1072 433 1127 piciorum,
463 1069 538 1125 qua
577 1072 758 1125 gravium
792 1068 994 1111 bellorum
1026 1083 1193 1110 eventus
1232 1067 1456 1124 explorant.
1497 1065 1595 1119 Ejus

127 1143 175 1184 15
206 1135 365 1189 gentis,
393 1149 484 1175 cum
510 1133 585 1188 qua
610 1133 761 1174 bellum
787 1135 866 1183 est,
897 1134 1101 1188 captivum
1126 1147 1288 1186 quoquo
1317 1132 1440 1172 modo
1471 1132 1594 1171 inter-

207 1211 397 1253 ceptum,
431 1212 524 1238 cum
553 1195 681 1237 eletio
713 1196 965 1252 popularium
1004 1196 1162 1235 suorum
1181 1226 1193 1245 ,
1225 1196 1360 1251 patriis
1395 1208 1594 1248 quemque

206 1262 324 1301 armis
346 1261 608 1300 committunt
625 1264 656 1299 5:
687 1260 851 1300 vi&oria
873 1257 1012 1311 hujus,
1041 1257 1107 1299 vel
1126 1257 1253 1309 illius,
1274 1273 1346 1314 pro
1362 1255 1595 1314 praejudicio

209 1324 418 1378 accipitur.

270 1387 351 1427 XI.
387 1386 457 1427 DE
482 1384 702 1427 minoribus
734 1384 849 1427 rebus
880 1386 1081 1442 principes
1111 1382 1367 1434 consultant,
1396 1383 1445 1424 de
1471 1381 1597 1434 maio-

125 1458 181 1485 20
206 1448 312 1490 ribus
337 1465 500 1491 omnes:
531 1451 586 1490 ita
608 1464 741 1490 tamen
760 1481 771 1499 ,
803 1463 845 1490 ut
874 1464 919 1490 ea
947 1464 1105 1504 quoque
1122 1480 1134 1500 ,
1165 1463 1335 1503 quorum
1358 1462 1479 1503 penes
1513 1445 1598 1502 ple-

208 1513 300 1555 bem
323 1513 527 1554 arbitrium
552 1514 633 1564 est,
663 1513 769 1570 apud
800 1514 1001 1569 principes
1030 1514 1317 1569 pertra&entur
1344 1510 1375 1551 ⁶.
1406 1511 1599 1561 Coeunt,

251 1628 259 1642 ¹
284 1624 559 1660 Parsnrmmmffi]
598 1622 697 1653 Etiam
726 1622 885 1653 matresfa-
917 1622 1001 1661 fidem
1021 1621 1110 1660 Persae
1132 1631 1215 1649 unum
1240 1620 1317 1650 deum
1345 1619 1392 1659 ‘ff'
1414 1618 1545 1654 credunt,
1568 1617 1599 1646 ὓ·

210 1661 312 1692 milias
334 1661 549 1693 consultaviffe
567 1671 650 1701 patet
677 1672 714 1692 ex
728 1662 801 1692 loco
817 1663 886 1692 Cae-
926 1671 1004 1700 equos
1025 1661 1109 1690 eidem
1123 1661 1252 1699 fiztrczms
1263 1660 1368 1696 ferum.
1386 1659 1600 1698 Rugianorum

210 1701 282 1731 saris
303 1702 380 1732 Bell.
396 1702 476 1731 Gall.
489 1704 502 1731 Ι
514 1724 523 1738 ,
546 1713 583 1741 50
595 1722 603 1736 ,
626 1712 720 1741 quem
738 1702 829 1732 attuli
840 1702 886 1732 su·
926 1711 1053 1741 quoque
1075 1700 1214 1731 sacerdos
1230 1698 1363 1738 auspicia
1379 1709 1416 1729 ex
1431 1708 1513 1737 equo
1532 1707 1601 1727 can·

211 1742 266 1780 pra
284 1751 350 1779 cap.
366 1744 394 1771 8.
927 1741 1002 1772 dido
1022 1740 1160 1770 sumebat
1173 1764 1181 1775 ‚
1198 1748 1231 1770 ut
1244 1739 1349 1769 videre
1363 1738 1403 1769 est
1413 1738 1493 1776 apud
1506 1738 1601 1766 Saxo-

252 1785 263 1798 ²
286 1783 399 1811 Avium
418 1782 431 1817 ]
455 1780 531 1810 Inde
558 1780 591 1810 in
606 1780 758 1811 Concilio
781 1781 888 1819 Lepti·
927 1791 999 1811 nem
1013 1780 1258 1810 Grammaticum
1270 1802 1278 1815 ,
1296 1779 1358 1808 loc·
1371 1777 1422 1808 cit.

212 1819 298 1849 nenfi
311 1843 319 1854 ,
337 1830 418 1850 nunc
435 1819 558 1857 Lestines
571 1843 579 1854 ,
604 1830 688 1850 anno
708 1822 733 1850 J.
753 1822 789 1850 C.
803 1831 859 1859 743
879 1844 887 1855 ‚
967 1825 980 1843 ⁴
1002 1821 1112 1849 Iism-:M
1131 1819 1333 1855 samonaos]
1354 1816 1451 1848 Sacris
1465 1814 1602 1847 nemori-

214 1859 374 1889 celebrato
389 1883 397 1893 ,
413 1859 445 1888 in
462 1859 603 1890 indiculo
617 1859 865 1898 superstitionum
879 1883 887 1894 ‚
927 1860 983 1890 bus
1001 1869 1035 1889 ac
1053 1858 1139 1888 lucis.

215 1907 283 1936 quae
297 1898 501 1937 prohibentur
514 1921 522 1934 ‚
544 1898 644 1938 agitur
663 1898 694 1927 de
705 1900 831 1938 auguriis
848 1900 889 1928 vel
971 1905 978 1926 5
1005 1899 1248 1935 Commrrrun‘r]
1272 1897 1348 1928 Inde
1363 1895 1526 1936 singularia
1539 1905 1610 1925 cer-

213 1937 326 1973 avium,
341 1937 382 1966 vel
395 1948 535 1975 equorum,
557 1938 599 1967 vel
616 1938 692 1967 houm
703 1938 888 1978 stercor-ihrer,
928 1938 1063 1973 tamina,
1084 1937 1123 1966 les
1146 1936 1241 1973 duest,
1270 1936 1394 1968 ferociae
1412 1947 1446 1966 ac
1467 1933 1603 1973 supersti-

215 1975 259 2005 νεὶ
284 1975 493 2015 sternutatione.
526 1977 683 2008 Hartzeim
710 2002 720 2015 ‚
761 1977 887 2008 Consilia
929 1977 1024 2008 tionis
1053 1985 1259 2007 monumenta
1277 2001 1285 2014 ‚
1314 1976 1367 2006 diu
1392 1985 1495 2006 tamen
1521 1982 1604 2004 tarn-

217 2014 378 2045 Germaniae
391 2040 399 2052 ‚
421 2018 557 2053 Tom.I‚
574 2028 641 2058 pag.
662 2028 709 2057 5¹·
929 2028 1022 2057 quam
1034 2016 1093 2047 Dei
1115 2015 1265 2054 judicium
1290 2015 1408 2046 habita.
1431 2013 1500 2051 Qua
1518 2013 1555 2043 de
1571 2023 1603 2043 te

257 2061 266 2081 3
293 2057 457 2086 Pnopmum
481 2059 614 2094 cnm-is]
640 2058 798 2096 Proprium
811 2068 891 2097 quo-
929 2058 1028 2087 multa
1045 2056 1138 2086 habet
1162 2056 1211 2085 CI.
1239 2056 1276 2085 de
1293 2053 1533 2093 Montesquieu,
1549 2051 1606 2091 Es-

215 2103 278 2133 que
293 2095 463 2130 Persarum,
476 2095 529 2134 qui
542 2119 550 2131 ‚
567 2096 639 2126 teste
652 2098 817 2127 Herodoto
833 2098 889 2130 ΙΙΙ,
927 2097 983 2133 pris
1004 2095 1051 2124 der
1065 2095 1156 2131 Loix,
1170 2096 1319 2129 XXVIII,
1346 2105 1394 2132 17.

216 2137 353 2173 num.85
369 2135 402 2165 ὅ(
420 2138 458 2165 86
472 2158 480 2170 ,
500 2134 627 2165 Darium
645 2158 653 2170 ‚
675 2135 800 2165 hinnitu
820 2135 890 2174 equi
970 2136 983 2154 ⁶
1006 2137 1281 2166 PERTRACTENTUR
1305 2135 1317 2171 ]
1345 2132 1499 2171 Insignem
1523 2130 1606 2160 hunc

218 2182 323 2212 regem
339 2174 529 2217 declaratum
542 2174 719 2204 salutarunt.
738 2176 892 2205 Memorat
932 2174 1039 2205 locum
1059 2174 1139 2205 &in
1154 2183 1218 2204 arte
1236 2172 1367 2212 politica
1383 2172 1533 2202 summum
1549 2179 1607 2199 tra—

219 2222 348 2256 quoque
368 2213 483 2249 libr.I,
503 2223 588 2243 num.
608 2217 683 2249 189,
701 2214 732 2243 in
755 2215 893 2244 exercitu
931 2217 991 2244 &at
1025 2215 1075 2244 Cl.
1108 2215 1145 2244 de
1171 2213 1391 2251 Montesquieu
1406 2235 1414 2246 ,
1447 2210 1536 2246 Esprit
1559 2209 1606 2236 des

219 2253 296 2290 Cyri
317 2263 414 2291 equos
436 2253 535 2283 sacros
557 2254 590 2283 ὅ(
611 2253 772 2284 candidos.
796 2254 894 2284 Furfa-
934 2253 1026 2289 Loix,
1048 2255 1111 2288 VI,
1136 2264 1181 2282 ιι.
1204 2253 1282 2282 Tale
1297 2250 1608 2291 libertatis&auclo-

219 2298 288 2321 tum
298 2293 435 2323 Xerxem
448 2293 610 2322 anteibant
626 2293 697 2332 equi
713 2292 785 2323 sacri
800 2294 833 2323 ὅ(
847 2294 894 2322 sa·
934 2292 1033 2323 ritatis
1062 2300 1341 2331 temperamentum
1364 2289 1557 2322 Germanicis
1573 2296 1608 2317 in

221 2340 274 2374 cer
297 2342 421 2366 curruS,
448 2336 522 2361 ‘imm
546 2335 565 2361 oi
586 2333 628 2371 ipo)
643 2355 651 2368 ‚
674 2348 716 2370 μμ
733 2348 760 2362 το
786 2332 855 2370 ἅρμα
869 2334 896 2361 τὶ,
936 2331 1018 2362 silvis
1041 2332 1128 2362 suiss‘e
1150 2337 1308 2363 repertum·
1331 2330 1476 2365 miratur;
1498 2329 1608 2370 &..A¹¹T

222 2370 288 2412 lew)
305 2372 458 2413 Herodot.
484 2373 538 2401 VII
559 2395 567 2406 ‚
588 2382 673 2401 num.
698 2383 746 2412 55.
767 2372 896 2402 Causam
937 2372 1003 2408 glos
1020 2372 1093 2401 inde
1112 2371 1235 2401 haufili'e
1251 2370 1413 2410 politicam
1433 2370 1551 2405 imperii
1564 2364 1608 2394 sui

223 2408 388 2449 religionis
401 2411 495 2445 docet
505 2411 647 2451 Justinus,
660 2412 672 2441 1
684 2435 694 2450 ,
711 2422 758 2443 ιο.
775 2411 852 2443 Nam
867 2412 897 2442 Cr
936 2410 1071 2443 formam
1085 2411 1190 2444 docet.
1211 2411 1300 2442 Illam
1325 2421 1343 2441 a
1361 2408 1474 2439 Tacito
1491 2404 1610 2446 expres-

1313 2468 1394 2522 Cij
