1952 2708
399 161 488 198 216
590 150 814 192 NOTAE
859 147 944 190 ET
989 146 1582 191 EMENDATIONES

447 234 530 277 QUI
559 238 718 265 TIMERE'
738 237 945 263 DESIERINT
969 229 986 272 ]
1017 225 1199 263 Tentabat
1222 238 1367 277 quoque
1390 225 1547 275 Lipfius,
1576 240 1650 275 quos
1674 227 1784 267 timere

394 281 551 328 desierint.

446 329 652 365 CoNJUGEs
681 330 966 372 ACCENDUNT]
997 327 1094 362 Bene
1126 326 1240 362 editio
1280 326 1447 375 princeps
1483 330 1517 363 ὃς
1549 329 1779 367 recentiores.

395 379 494 416 Male
517 377 737 420 Beroaldus,
764 378 923 412 accedunt.

449 429 601 465 PAucos
630 430 826 472 NUMERo]
853 426 907 462 Ita
922 425 997 461 Mff.
1013 428 1047 461 ὃς
1061 433 1196 462 veteres
1220 436 1263 460 ac
1280 426 1497 462 recentiores
1521 427 1711 464 editiones.
1737 428 1780 464 In

394 479 521 517 mediis
535 476 745 527 quibusdam
754 490 871 522 paucos
886 489 1027 511 numeros
1044 503 1053 518 ‚
1078 475 1113 509 id
1131 474 1179 510 est
1194 474 1363 510 cohortes
1376 503 1385 517 ‚
1401 485 1440 510 ut
1455 475 1614 512 tentabat
1630 476 1779 524 Lipsius.

447 529 606 563 CIRCUM
635 530 856 572 TREPIDOS]
883 527 1008 561 ciram
1031 523 1157 560 inutile
1180 523 1262 559 sane
1287 524 1468 560 videbitur
1483 536 1494 565 3
1511 527 1544 560 &
1560 525 1604 559 ab
1620 526 1781 562 oscitan-

396 579 492 614 tibus
524 577 677 612 librariis
703 589 722 612 e
754 575 915 624 sequenti
941 574 1053 611 verbo
1081 574 1366 620 circumspeblantes
1395 573 1501 610 facile
1526 574 1602 623 peti
1625 576 1747 623 potuit
1769 589 1781 613 ε

397 640 437 665 ut
454 629 524 675 jam
550 626 594 662 ab
614 625 756 662 erudito
770 626 990 662 Heumanno
1011 624 1078 659 fuit
1105 622 1347 660 observatum.

445 677 512 713 Du
542 688 649 712 Noms
678 686 967 711 TRADIDERUNT
990 678 1008 719 ]
1034 673 1185 722 Optime
1220 673 1355 722 Lipsius
1396 676 1429 709 ὃς
1463 674 1705 711 Recentiores.
1737 673 1783 711 In

395 726 575 765 veteribus
599 724 821 761 editionibus
839 753 848 767 ‚
877 725 935 758 alii
958 725 1044 758 nobis
1066 723 1277 758 tradiderunt.

447 778 573 813 AEGRA
603 785 806 812 MUNICIPIA
832 778 849 818 ]
877 774 974 810 Bene
1000 773 1076 809 Mff.
1108 773 1225 809 Vatic.
1250 786 1347 821 aegra.
1375 772 1420 808 In
1442 774 1620 810 veteribus
1647 774 1779 811 editio-

397 826 523 870 nibus,
551 839 637 872 erga.

449 877 497 913 IN
528 885 725 912 AETERNUM
755 885 955 910 PROFERRE
980 877 997 919 ]
1026 872 1094 910 Ms.
1118 871 1235 909 Vatic.
1263 884 1362 922 3429
1380 899 1390 916 ,
1411 873 1563 921 perferre.

451 973 557 1010 CAP.
586 973 755 1011 XXXIII.
785 973 842 1009 ET
868 984 1035 1010 BARBARI
1063 983 1180 1008 monis
1203 977 1222 1018 ]
1253 971 1321 1009 Ms.
1349 972 1467 1010 Vatic.
1496 984 1593 1022 3429
1610 999 1619 1015 ,
1647 985 1682 1008 ut
1703 974 1781 1010 bar-

397 1026 482 1061 baris
509 1026 613 1060 moris.

450 1072 782 1109 INSTRUEBANTUR
812 1084 916 1108 Acms
940 1076 958 1118 ]
989 1071 1031 1106 In
1058 1071 1132 1107 Mss.
1153 1072 1273 1108 Vatic.
1300 1084 1396 1121 3429
1423 1073 1459 1107 ἕν’
1488 1074 1589 1120 4498
1606 1101 1615 1115 ,
1645 1073 1781 1117 instrue-

396 1125 503 1159 batur.
526 1123 680 1172 Margini
703 1123 769 1159 Ms.
798 1123 915 1159 Vatic.
944 1133 1040 1170 3429
1068 1121 1252 1164 additum,
1279 1125 1360 1157 alius
1386 1121 1494 1157 habet
1521 1122 1754 1169 instituebatur.

446 1173 700 1208 MUNIMENTIS
732 1184 959 1208 COERCITUM
982 1174 998 1216 ]
1029 1170 1088 1206 Sic
1106 1171 1170 1208 ΜΓ,
1189 1171 1307 1208 Vatic.
1329 1173 1450 1218 4498:
1474 1171 1524 1206 ita
1545 1184 1689 1220 quoque
1715 1186 1782 1209 vo-

394 1222 493 1258 lebat
517 1222 740 1258 Gronovius.
770 1223 813 1257 In
840 1221 904 1256 Ms.
930 1220 1048 1258 Vatic.
1073 1233 1193 1269 3429,
1224 1223 1257 1257 ὃς
1275 1220 1374 1256 libris
1392 1220 1518 1263 editis,
1547 1226 1684 1257 monitis.
1704 1223 1782 1257 Ad..

396 1272 567 1320 scriptum
588 1272 740 1321 margini
763 1271 828 1306 Ms.
852 1270 968 1306 Vatic.
999 1282 1117 1317 3429,
1140 1272 1223 1305 alius
1245 1271 1354 1306 habet
1373 1274 1584 1305 munimentis.
1604 1270 1704 1308 Patet
1722 1285 1784 1307 ca-

394 1322 470 1370 pite
494 1333 540 1371 35
566 1322 716 1357 militem
739 1320 932 1356 castrorum
955 1318 1053 1357 vallo
1076 1332 1117 1355 ac
1142 1319 1371 1356 munimentis
1394 1320 1542 1368 potius,
1570 1322 1675 1370 quern
1699 1335 1783 1358 mo-

397 1371 481 1407 nitis
496 1399 505 1414 ‚
533 1371 630 1407 fuisse
653 1371 861 1407 coercitum.

449 1421 628 1457 MILITEM
658 1432 957 1457 ACCENDENDUM
988 1432 1123 1457 ADHuc
1154 1425 1313 1466 RATus]
1343 1420 1398 1456 Ita
1428 1420 1494 1456 Ms.
1522 1420 1638 1456 Vatic.
1667 1432 1780 1468 3429.

394 1470 572 1506 Mendos‘e
604 1471 686 1506 libri
720 1471 830 1514 editi,
859 1473 994 1506 militem
1018 1472 1117 1505 adhuc
1146 1483 1245 1507 ratus.
1269 1470 1377 1506 Unde
1407 1469 1542 1519 Lipsius
1564 1470 1781 1519 supplebat,

395 1521 568 1555 acuendum
586 1529 601 1562 ,·
622 1521 817 1556 incitandum
833 1549 843 1564 ,
871 1520 1014 1555 aliudve
1044 1520 1125 1557 tale.

447 1570 634 1606 OCTAvus
664 1583 791 1606 ANNUS
819 1582 886 1607 EST
910 1574 926 1616 ]
946 1570 1029 1605 Erat
1044 1570 1187 1619 quidem
1202 1570 1444 1607 aestastantum
1457 1570 1625 1619 septima,
1651 1583 1692 1606 ex
1705 1583 1781 1619 quo

395 1619 432 1654 in
451 1619 671 1655 Britanniam
694 1631 839 1656 venerat
864 1619 1038 1669 Agricola
1055 1648 1063 1663 ‚
1088 1631 1126 1657 ut
1149 1621 1303 1657 vidimus
1322 1621 1424 1669 supra
1447 1633 1525 1669 cap.
1548 1623 1609 1656 28.
1628 1621 1678 1655 At
1696 1620 1780 1656 cum

395 1682 493 1711 anno
513 1671 595 1706 ante
610 1698 618 1713 ‚
646 1670 751 1719 quern
775 1670 931 1712 veniret,
954 1669 1067 1706 fuisset
1088 1671 1235 1714 consul,
1263 1674 1296 1707 ὃς
1316 1670 1429 1706 statim
1451 1670 1530 1719 post
1552 1670 1779 1706 consulatum

395 1719 589 1756 Britanniae
608 1719 835 1768 praepositus,
859 1720 963 1766 supra
985 1732 1062 1767 cap.
1084 1733 1106 1766 9
1125 1749 1133 1764 ‚
1159 1721 1243 1757 inde
1256 1720 1350 1756 forte
1371 1733 1481 1755 annus
1501 1721 1561 1756 hic
1577 1730 1778 1755 numeratus

394 1769 442 1806 est
462 1772 617 1806 onavus.
644 1772 782 1818 Nempe
809 1769 934 1806 consul
961 1772 993 1805 <Sc
1020 1769 1213 1806 Britanniae
1235 1769 1441 1818 prcepofitus
1460 1769 1527 1804 fuit
1550 1782 1646 1804 anno
1668 1768 1779 1803 Urbis

395 1819 554 1855 conditae
579 1831 764 1856 Deccxxx.
783 1819 839 1855 Ad
860 1829 1021 1855 montem
1034 1821 1243 1868 Grampium
1264 1819 1428 1868 pervenit
1445 1822 1481 1855 δί’
1497 1818 1778 1867 pugnavitanno

394 1868 503 1904 Urbis
541 1869 698 1905 conditce
735 1880 976 1906 Dcccxxxvn.
1020 1869 1129 1906 Forte
1154 1881 1273 1906 tamen
1303 1879 1455 1906 erratum
1479 1868 1517 1904 in
1541 1867 1716 1911 numeris,
1745 1870 1780 1904 <Sc

392 1918 563 1967 scriptum
588 1918 701 1962 olim,
722 1921 874 1966 septimus
901 1932 1001 1953 annus
1020 1919 1072 1966 est.

444 1968 629 2010 EQuinEM
659 1981 757 2006 sAEPE
786 1981 827 2005 IN
856 1980 1001 2005 AGMINE
1026 1973 1042 2014 ]
1072 1970 1127 2008 Ita
1153 1971 1219 2006 Ms.
1244 1970 1361 2007 vatic.
1385 1981 1494 2018 3429.
1521 1969 1566 2005 In
1584 1968 1683 2005 libris
1704 1967 1778 2004 edis

395 2018 439 2053 tis
466 2018 558 2054 deest
576 2020 671 2065 serpe.

449 2069 576 2104 Vocns
605 2080 805 2104 AUDIEBAM
830 2074 847 2116 ]
878 2070 975 2106 Bene
1000 2069 1064 2105 Ms.
1081 2071 1198 2108 Vatic.
1219 2082 1325 2118 3429.
1343 2069 1385 2105 In
1409 2068 1570 2105 editione
1588 2067 1774 2117 principe,

395 2130 469 2171 noce
492 2118 668 2155 audiebam.
693 2119 890 2156 Beroaldus
912 2120 1116 2156 emendavit
1141 2134 1271 2162 vocem;
1302 2118 1401 2169 quod
1427 2118 1555 2154 deinde
1581 2117 1688 2156 ceteri
1715 2128 1774 2152 re-

394 2176 542 2204 tinuere.

447 2215 477 2251 E
506 2228 688 2255 LATEERIS
717 2230 792 2258 suls
822 2231 979 2256 EXTRUSI
1006 2223 1022 2264 ]
1050 2219 1106 2255 Ita
1125 2219 1303 2257 editiones
1321 2228 1467 2255 veteres.
1486 2217 1584 2254 Male
1602 2225 1773 2252 mutatum

394 2265 433 2300 in
458 2267 740 2312 recentioribus,
771 2283 790 2304 a
815 2270 955 2305 latebris.

444 2314 654 2352 SUPERASSE
685 2330 851 2354 TANTUM
878 2323 1083 2364 1T1NER1s]
1114 2319 1209 2356 Bene
1243 2317 1434 2359 Rhenanus
1469 2320 1503 2354 &
1528 2315 1776 2355 Recentiores.'

395 2362 439 2400 In
449 2365 626 2408 veteribus
644 2367 865 2406 editionibus
883 2395 892 2413 2
904 2369 1065 2417 fizperestk.

1697 2419 1774 2459 ITA
