1952 2708
356 130 448 168 404
654 117 1462 162 SUPPLEMENTUM

221 217 335 232 ====
356 199 461 238 Mox
496 197 611 237 usum
642 197 892 254 publicarum
921 200 1142 256 imaginum
1161 229 1175 253 ,
1202 201 1244 242 in
1274 202 1448 242 immane
1479 199 1744 258 gliscentem,

221 251 252 275 A.
264 252 292 274 U.
307 252 326 274 C

242 299 315 335 792·

246 349 268 371 J.
279 348 309 370 C.

249 402 301 432 45·

328 267 335 274 ·
358 260 572 316 repressum
594 262 641 301 iit
661 267 687 302 ¹.

422 323 557 365 XIII.
605 325 672 364 ΑΒ
714 326 801 381 ipsis
831 324 947 366 Urbis
977 327 1100 367 initiis
1122 355 1135 377 ‚
1178 326 1346 378 majores
1370 356 1383 378 ,
1417 327 1528 380 gnari
1553 330 1745 381 quantum

357 388 551 427 virtutum
571 402 834 429 monumenta
857 389 905 430 ad
927 391 1021 429 reisti
1049 391 1355 430 incitamentum
1386 389 1565 430 valerent
1591 420 1604 439 ,
1637 392 1744 431 viros

357 463 475 503 atque
499 450 598 506 ipsas
620 450 787 492 feminas
804 456 844 502 ²,
872 452 988 492 laude
1017 452 1289 507 praecellentes
1310 483 1322 502 ‚
1353 451 1592 506 equestribus
1616 457 1656 492 ὅ(
1676 468 1744 508 pe-

358 512 547 554 destribus
566 515 696 555 statuis
721 515 1077 562 consecraverant3
1107 516 1358 570 honoresque
1376 545 1390 566 ,
1418 514 1613 569 legendos
1634 530 1745 565 aevo,

358 575 510 617 baslbus
543 577 835 633 inscripserant.
873 578 1100 618 Institutum
1127 608 1141 630 ,
1178 594 1417 634 magnorum
1466 577 1745 634 exemplorum

357 638 490 689 ferax,
511 642 702 696 pervertit
726 641 1023 695 magistratuum
1042 642 1235 697 superbia.
1254 643 1465 698 Dignitate
1480 641 1644 692 tumidi,
1666 656 1747 681 me-

357 703 492 743 moriae
511 704 816 758 perpetuitatem
831 733 845 754 ,
865 702 976 744 nulla
990 719 1029 745 re
1043 704 1147 759 gesta
1163 720 1314 761 partam
1334 736 1348 756 ,
1369 706 1545 746 vanitate
1562 709 1601 745 ἃ
1618 703 1746 745 titulis

355 766 607 806 redimebant
627 783 635 806 :
663 780 804 820 totque
829 781 994 823 erupere
1016 768 1251 822 ignotorum
1274 771 1486 809 hominum
1511 767 1743 818 simulacra,

358 842 426 878 nt,
448 830 493 869 iis
519 828 818 870 silvescentibus
847 859 859 880 ,
885 830 1055 871 obscura
1081 830 1296 872 delituisset
1323 834 1468 881 virtus,
1493 833 1564 882 ni,
1587 832 1649 871 Μ.
1669 831 1746 871 AE-

358 891 474 931 milio
489 920 502 941 ,
527 891 574 932 C.
589 891 748 948 Popilio
762 893 803 932 Π
818 892 1048 934 consulibus
1068 899 1077 922 ³
1099 924 1110 944 ‚
1141 895 1324 936 censores
1345 896 1390 936 P.
1416 893 1630 936 Cornelius
1659 894 1747 934 Sci-

357 956 451 1010 pio,
470 955 532 996 M.
553 954 731 1011 Popilius
753 957 893 997 statuas
916 958 1022 997 circa
1042 957 1175 998 forum
1200 973 1341 998 eorum
1375 959 1443 1012 qui
1474 958 1747 1012 magistratum

359 1018 582 1072 gesserant,
607 1018 842 1059 sustulissent
868 1035 1008 1061 omnes
1029 1050 1042 1072 ,
1066 1034 1205 1077 praeter
1233 1036 1296 1062 eas
1317 1036 1400 1076 quae
1428 1020 1569 1077 populi
1590 1033 1657 1061 aut
1685 1020 1747 1061 se·-

359 1081 473 1120 natns
504 1080 699 1121 sententia
721 1083 868 1123 statutae
894 1083 1030 1124 effent.

421 1143 550 1185 XIV.
588 1143 846 1185 ExTREM1s
891 1145 1120 1202 reipublicae
1154 1145 1403 1203 temporibus
1426 1177 1439 1198 ,
1473 1145 1748 1187 invalescente

357 1204 515 1247 luxuria
530 1237 544 1257 ,
570 1208 774 1248 recruduit
795 1208 986 1264 ignobilis
1006 1210 1117 1250 fama:
1134 1211 1306 1251 vesania.
1333 1211 1517 1251 Tandem
1543 1209 1613 1249 sub
1633 1210 1749 1249 Prin-

360 1269 544 1324 cipibus,
575 1273 665 1310 cum
687 1273 822 1312 omnia
843 1274 960 1312 unius
991 1273 1181 1323 arbitrio,
1214 1289 1435 1329 paucorum
1474 1270 1600 1327 gratia
1635 1286 1748 1326 rege-

359 1347 521 1383 rentur,
545 1332 714 1387 urbsque
749 1350 827 1375 una
852 1337 976 1376 totius
999 1337 1158 1391 imperii
1182 1337 1362 1377 fortunas
1385 1335 1746 1391 compleEteretur,

358 1394 493 1436 nullus
519 1396 595 1436 fuit
619 1398 828 1438 statuarum
856 1400 1130 1453 imaginumve
1161 1400 1249 1439 finis
1275 1417 1282 1440 :
1312 1414 1375 1440 eas
1405 1399 1569 1453 quisque
1598 1397 1748 1438 vanissi-

356 1473 445 1498 mus
464 1463 504 1499 ὃς
521 1458 714 1505 malarum
735 1463 878 1502 artium
892 1463 1067 1502 strenuus
1084 1477 1166 1503 non
1183 1462 1306 1502 modo
1338 1463 1379 1501 in
1401 1461 1546 1502 aedibus
1563 1465 1602 1501 &
1617 1462 1748 1512 atriis,

358 1521 426 1561 sed
443 1523 484 1561 in
501 1522 661 1578 templis
679 1552 692 1574 ,
722 1525 762 1563 in
779 1525 875 1565 foris
889 1555 901 1575 ,
920 1524 1192 1566 oculatislimis
1218 1527 1261 1565 in
1280 1525 1382 1566 locis
1398 1554 1411 1575 ,
1437 1523 1552 1564 nullo
1568 1524 1720 1580 pudore
1732 1554 1746 1573 ,

360 1584 525 1625 audacia
548 1584 749 1636 maxima,
775 1587 844 1628 fibi
871 1587 1141 1629 collocavere.
1174 1589 1277 1628 Cum
1302 1589 1373 1628 vix
1400 1601 1578 1628 maneret
1607 1588 1748 1628 virtuti

359 1646 502 1698 locus,
528 1649 653 1689 edixit
678 1649 868 1706 Princeps
893 1668 914 1687 (c
931 1665 975 1691 ut
992 1652 1183 1693 immensa
1210 1650 1280 1692 illa
1305 1652 1517 1692 statuarum
1537 1654 1578 1690 ὃ(
1602 1651 1747 1704 imagi--

358 1725 489 1750 »num
505 1712 564 1752 vis
582 1710 703 1751 alium
732 1713 773 1752 in
800 1712 938 1754 locum
959 1715 1236 1756 transferretur
1256 1733 1264 1755 :
1290 1715 1443 1755 nemini
1466 1714 1599 1769 postea
1623 1742 1636 1763 ,
1676 1712 1746 1752 nisi

358 1773 637 1829 »adprobante
658 1775 796 1815 senatu
812 1806 825 1826 ‚
852 1775 977 1817 ullam
1010 1793 1160 1833 ponere
1186 1777 1327 1819 liceret
1353 1782 1371 1806 4
1389 1794 1431 1817 ».
1454 1775 1539 1816 Illis
1561 1778 1718 1817 tantum
1732 1805 1746 1827 ‚

358 1838 427 1888 qui
452 1835 517 1877 vel
542 1851 676 1878 vetera
703 1854 967 1881 monumenta
990 1842 1225 1891 reficerent,
1254 1840 1321 1882 vel
1341 1855 1446 1881 nova
1469 1840 1713 1880 exstruerent
1733 1868 1748 1890 ,

358 1897 518 1940 licitum
539 1918 560 1937 c<
584 1902 681 1942 utin
698 1903 744 1942 iis
764 1902 849 1943 suas
864 1903 1105 1958 suorumque
1124 1905 1318 1959 imagines
1335 1903 1588 1959 publicarent
1604 1907 1616 1934 5
1634 1920 1675 1942 >›.

420 1962 521 2005 XV.
555 1964 755 2005 DEINDE
783 1966 1102 2007 animadversum
1131 1969 1174 2008 in
1199 1968 1440 2024 potestatum
1468 1965 1485 1988 ⁶
1511 1965 1744 2012 avaritiam3

399 2118 407 2131 ¹
432 2112 617 2145 Rzmssuu
637 2119 706 2155 11·r]
729 2117 810 2153 Dio,
834 2119 914 2149 ibid,
1074 2131 1180 2151 mxcvi
1196 2143 1205 2157 ‚
1228 2128 1301 2151 ante
1324 2120 1476 2151 Christum
1502 2121 1569 2159 158-

399 2155 409 2167 ²
431 2152 573 2194 femmas
591 2157 604 2192 ]
643 2157 760 2187 Statuas
789 2158 909 2188 Cloeliae
928 2182 937 2196 ,
971 2159 1033 2190 Lu-
1110 2165 1126 2182 4
1147 2161 1274 2191 Pomm
1292 2162 1451 2197 nenne-r]
1479 2159 1541 2189 Dio
1555 2181 1564 2195 2
1585 2157 1660 2194 Lx,
1677 2162 1746 2195 9³34

361 2198 464 2234 cretiae
489 2215 497 2228 ,
524 2194 681 2224 Corneliae
706 2196 816 2234 pofitas
841 2197 915 2228 vide
951 2199 1033 2236 apud
1072 2201 1145 2229 681.

359 2230 512 2266 Plinium,
534 2233 686 2270 XXXIV,
706 2239 735 2264 6.
1114 2244 1121 2264 5
1145 2239 1297 2268 IMAGmEs
1335 2246 1550 2268 PUBLICARENT
1582 2236 1597 2272 ]
1640 2234 1703 2265 Dio
1732 2241 1745 2272 ,⁷

402 2274 411 2294 3
435 2270 629 2312 §exstrueus
654 2274 668 2309 ]
702 2274 818 2305 Plinius
836 2298 845 2312 ‚
874 2276 953 2306 ibid.
989 2277 1030 2306 M.
1072 2277 1152 2306 ibid.

361 2309 504 2338 AEmlhus
517 2310 654 2348 Lepidus
667 2313 700 2342 ὅ(
718 2314 753 2342 C.
770 2315 908 2352 Popilius
925 2317 1032 2345 Laenas
1111 2317 1123 2334 ⁶
1144 2316 1381 2352 ΡοτῖετΑτυΜ]
1401 2315 1447 2346 De
1461 2313 1661 2354 potestatibus
1679 2313 1747 2352 jam

360 2348 388 2377 ΙΙ
410 2347 550 2381 consules
577 2348 663 2382 fuere
686 2361 770 2386 anno
786 2353 875 2386 Urbis
896 2354 1031 2386 conditae
1072 2353 1186 2387 dicium
1199 2354 1285 2393 supra
1301 2364 1366 2394 cap.
1385 2356 1413 2387 8.

1774 784 1825 811 10

1770 1413 1824 1440 20
