1952 2708
362 148 449 187 340
653 136 1459 180 SUPPLEMENTUM

423 213 598 255 LXIX.
632 217 862 267 SINGULI,
886 217 1159 272 quoscumque
1181 231 1376 259 noverant
1399 217 1674 258 dominatione
1694 215 1750 258 of-

226 269 338 293 A·U·C·
361 277 518 329 fensos,
549 278 680 320 socios
709 279 911 335 deligere,
940 296 1023 321 non
1052 294 1095 321 ut
1121 281 1346 337 periculum
1375 281 1650 332 declinarent,
1681 279 1748 320 sed

247 323 318 349 794·

251 361 274 384 J.
285 362 313 384 C.

259 411 309 440 4¹·

361 353 405 380 ut
434 341 625 382 societate
649 342 909 383 valescerent.
932 345 1129 384 Omnium
1154 346 1367 384 acerrimus
1390 344 1553 384 Chaerea
1584 350 1593 366 ¹
1614 374 1626 395 ,
1654 358 1750 399 pra:-

361 405 609 445 torianorum
633 405 813 446 tribunus
829 435 842 456 ,
876 405 1028 460 singula
1052 406 1261 447 observare
1285 423 1293 446 z
1318 408 1514 461 Principis
1536 405 1749 456 libidines,

360 466 564 509 sacrorum
593 483 735 510 arcana
751 498 764 519 ‚
798 468 1054 523 vectigalium
1083 470 1374 509 immanitatem
1391 498 1403 519 ,
1433 468 1574 524 populi
1597 468 1747 518 luctus,

358 528 531 570 suasmet
554 529 740 582 injurias,
770 534 862 572 cum
889 531 941 571 ob
968 532 1258 572 humanitatem
1287 536 1326 572 ὅ(
1355 533 1396 571 in
1423 531 1630 585 exigendis
1655 546 1749 572 vec-

359 591 548 646 tigalibus
577 594 895 635 moderationem
923 610 943 634 a
972 595 1184 650 Principe,
1214 595 1281 648 qui
1311 593 1441 634 virilia
1470 595 1605 634 onmia
1632 607 1750 634 exue-

359 668 446 705 rat,
476 669 521 696 ut
546 656 754 696 muliebria
785 658 1023 707 ostentaret,
1052 656 1239 698 mollitiei
1267 669 1522 712 argueretur,
1556 661 1621 707 ὃς,
1647 671 1750 711 quo-

359 719 433 758 ties
470 719 622 774 signum
655 718 845 774 petebat,
877 719 1073 770 Veneris,
1107 720 1306 776 cupidinis
1326 750 1339 770 ,
1377 721 1560 776 Priapive
1595 720 1749 775 semper

357 783 586 836 acciperet,
615 783 656 821 in
674 783 841 822 crimina
854 810 867 832 ,
886 783 1097 837 causasque
1124 783 1238 824 caedis
1254 798 1493 838 exaggerare
1509 800 1516 823 :
1532 782 1580 823 ad
1593 782 1748 824 facinus

361 844 531 884 adscitos
546 873 559 893 ,
586 843 769 885 laudibus
783 874 796 895 ,
827 845 1022 901 exemplis
1038 847 1271 887 accendere.

421 907 568 947 LXX.
602 906 725 947 EJUS
765 907 929 949 consilia
967 908 1092 949 ferme
1134 909 1319 965 oppreffit
1356 910 1466 950 casus
1502 913 1531 950 ².
1567 908 1746 964 Quidam

358 970 467 1010 enim
488 970 708 1011 Timidius³
735 971 1000 1026 Pompedium
1014 1002 1026 1021 ‚
1055 972 1277 1013 senatorem
1296 1003 1307 1023 ,
1327 973 1442 1027 gestis
1460 970 1750 1027 magistratibus

358 1033 552 1087 insignem
576 1063 588 1083 ,
616 1047 702 1074 tum
728 1033 932 1089 Epicureae
961 1034 1105 1075 scholae
1133 1035 1290 1091 placitis
1316 1037 1356 1075 in
1385 1037 1466 1076 otia
1488 1034 1709 1075 resolutum
1733 1063 1748 1084 ,

361 1094 632 1147 conjurationi
652 1110 788 1137 tamen
809 1098 1023 1148 innexum,
1038 1098 1141 1151 quasi
1159 1098 1354 1154 probrosis
1371 1098 1618 1139 sermonibus
1632 1098 1746 1138 Prin-

358 1160 491 1214 cipem
521 1158 709 1201 inlusisset
724 1188 736 1210 ,
765 1158 975 1212 majestatis
1002 1161 1221 1208 arcessivit3
1242 1163 1437 1217 petiitque
1459 1175 1503 1202 ut
1518 1158 1719 1215 Quintilia
1733 1188 1748 1210 ,

359 1223 565 1264 theatricis
598 1225 728 1279 operis
756 1253 769 1273 ,
799 1223 932 1264 venali
969 1224 1268 1279 pulchritudine
1291 1254 1304 1274 ,
1344 1228 1384 1264 &
1407 1224 1617 1280 Pompedii
1649 1221 1748 1264 alio-

356 1300 524 1339 rumque
546 1285 811 1341 plurimorum
839 1287 1039 1328 amoribus
1067 1287 1242 1337 famosa,
1269 1302 1339 1343 per
1357 1300 1559 1328 tormenta
1583 1287 1747 1326 interro-

357 1362 529 1403 garetur.
561 1349 717 1389 Adnuit
757 1349 905 1396 Caius3
932 1365 978 1390 ac
1008 1365 1058 1390 ne
1092 1351 1187 1404 quid
1220 1349 1511 1406 suppliciorum
1539 1348 1748 1391 acerbitati

357 1411 522 1461 deesset,
535 1410 653 1463 juffus
670 1412 832 1453 Chaerea
851 1428 937 1453 eam
954 1415 1155 1467 quaestioni
1174 1411 1389 1464 subjicere,
1407 1416 1448 1454 in
1468 1424 1671 1455 tormenta
1696 1414 1746 1453 eo

356 1475 482 1528 magis
503 1475 711 1516 duraturus
727 1506 741 1528 ,
769 1478 847 1530 quo
876 1477 994 1518 toties
1032 1474 1186 1529 objeeia
1210 1475 1401 1517 mollitiei
1424 1478 1591 1519 crimina
1618 1476 1745 1532 magis

358 1537 513 1579 odisset.

419 1601 592 1642 LXXI.
626 1604 717 1644 His
749 1601 950 1658 vulgatis,
981 1605 1122 1658 ingens
1155 1603 1233 1644 fuit
1263 1602 1566 1656 conjuratorum
1599 1612 1745 1644 metus:

357 1662 520 1716 Multi,
564 1679 607 1706 ut
651 1666 744 1720 quid
771 1665 840 1706 fibi
877 1668 1115 1723 sperandum
1150 1667 1500 1709 formidandumve
1540 1665 1743 1722 intellige-

355 1783 497 1821 coiificerat
528 1795 537 1811 :
575 1783 606 1812 Cr
631 1784 706 1813 modo*
726 1808 736 1823 ‚
759 1785 873 1825 signum
896 1788 1001 1824 petenti
1020 1792 1051 1844 ,1
1069 1787 1120 1816 iffa
1147 1787 1248 1817 decidit
1282 1800 1291 1815 .-
1314 1787 1458 1824 plurimum
1492 1785 1589 1816 deinde
1627 1786 1744 1826 undique

355 1821 487 1859 Priapum
517 1831 565 1851 aur
587 1822 721 1853 Venerem
750 1824 817 1854 dare
842 1838 852 1854 :
875 1826 970 1864 modii,
996 1837 1031 1856 ex·
1064 1827 1190 1863 publicas
1212 1837 1246 1855 ac
1269 1827 1397 1863 privatas
1418 1826 1536 1865 injurias
1558 1825 1743 1864 ulciscentium

355 1861 447 1900 aliqud
464 1863 547 1890 causi
561 1863 775 1902 agenzigratias
786 1864 957 1904 ostulandam
971 1876 1031 1895 ma·
1064 1866 1218 1905 gladiorum
1233 1865 1362 1905 ingestum
1375 1865 1418 1905 est.
1433 1864 1483 1894 sed
1502 1866 1606 1902 primus
1617 1865 1722 1902 virfuit
1733 1886 1744 1901 ,

355 1911 420 1929 mim
452 1901 547 1940 offerre
568 1923 576 1936 ,
592 1901 743 1938 fiii-matam
769 1913 974 1944 commotamque
1000 1905 1028 1935 in
1066 1907 1111 1944 qui
1131 1907 1239 1936 minime*
1256 1905 1329 1944 vifics
1340 1905 1384 1944 est.
1397 1904 1551 1944 Principes
1564 1904 1741 1943 ignoscere,

355 1939 502 1977 obse-mum
524 1939 636 1970 modum.
654 1942 715 1971 Has
730 1953 857 1983 quoque
883 1944 1028 1982 injurias,
1067 1945 1176 1983 punire
1203 1946 1293 1974 decet
1315 1956 1324 1982 ;
1348 1943 1488 1975 cavillari
1513 1968 1523 1981 ‚
1572 1943 1740 1975 convitiari

356 1979 389 2008 δε
409 1980 534 2023 quidem
545 1979 702 2023 atrocius,
723 1992 878 2013 memorat
891 1986 1006 2014 Seneca
1019 2008 1027 2021 ‚
1067 1985 1184 2024 semper
1213 1984 1341 2014 dedecet
1354 2007 1363 2021 ‚
1390 1983 1570 2022 plerumque
1587 1983 1717 2021 poenitet
1729 2006 1739 2021 ,

356 2017 389 2045 de
408 2019 732 2058 Lrizgsffantziisczpieritis,
755 2023 867 2052 XVIII.
891 2022 1027 2061 Cliaereae‚
1066 2032 1099 2054 ut
1128 2026 1206 2055 reike
1240 2030 1351 2053 monet
1371 2023 1420 2052 Cl.
1441 2023 1478 2052 de
1499 2022 1739 2062 Montesquieu,

354 2056 463 2086 tribuno
484 2058 596 2087 militum
610 2059 719 2096 ,sermo
731 2071 783 2089 non
796 2071 844 2098 pro
861 2072 943 2090 manu
957 2073 1027 2100 erar,
1065 2062 1158 2101 Esprit
1178 2062 1224 2091 des
1239 2062 1328 2097 Loix,
1347 2063 1424 2097 XII,
1448 2064 1496 2099 38.

353 2095 595 2136 langizidusflino,
615 2097 645 2127 ὓ*
667 2098 784 2135 ιἠᾓαῇά
802 2101 1026 2140 vocefiiffec‘t'ior.
1106 2107 1114 2121 ¹
1141 2103 1305 2138 CHAEREA]
1327 2101 1439 2131 Cassius
1460 2100 1607 2136 Chaerea,
1626 2101 1664 2130 de
1673 2110 1737 2139 quo

354 2134 426 2164 Huic
444 2136 529 2165 Caius
544 2136 657 2175 fignum
671 2140 775 2174 petenti
797 2140 872 2169 modi>
889 2141 1027 2177 Veneris,
1064 2141 1150 2180 plura
1180 2140 1327 2180 Josephus
1347 2164 1357 2178 ,
1390 2140 1452 2171 loc.
1475 2139 1526 2170 cit.
1543 2140 1606 2170 Dio
1620 2163 1630 2176 ‚
1655 2140 1738 2170 LIX-

352 2174 428 2203 modo·
440 2174 535 2212 Priapi
560 2176 643 2205 dabar
662 2189 671 2204 :
690 2178 771 2207 aliter
790 2188 868 2217 atque
883 2179 963 2208 aliter
979 2191 1028 2209 ex-
1064 2191 1132 2220 pag.
1148 2185 1219 2211 662.

349 2213 486 2250 probrum
499 2224 601 2243 arnam
614 2216 840 2247 moliiziamstoec
855 2219 1025 2257 ipss‚Caius‚
1105 2224 1115 2236 ²
1139 2222 1310 2251 OPPREssn·
1344 2229 1434 2249 cAsus
1454 2220 1468 2255 ]
1511 2219 1613 2254 Quem
1634 2217 1736 2247 casum

348 2252 527 2289 perlucidus,
552 2254 727 2293 crepidam,
743 2257 907 2287 armillatus.
930 2258 1027 2298 Coegit
1063 2257 1129 2288 fuse
1160 2266 1314 2289 memorat
1353 2257 1499 2296 josephus
1528 2256 1635 2295 Antiq.
1666 2256 1736 2293 Jud-

352 2292 444 2330 itaque
467 2292 541 2335 illum
571 2294 609 2321 uzi
624 2293 700 2329 ferro
724 2319 732 2331 ‚
760 2297 903 2334 nesaepius
913 2296 1025 2336 sigrium
1063 2299 1156 2331 XIX,
1181 2309 1206 2327 1.
1225 2307 1309 2327 num.
1326 2306 1352 2336 5.

350 2340 463 2367 peieret.
494 2331 544 2360 Ille
561 2332 666 2368 primus
690 2334 761 2362 inter
787 2336 943 2373 conjuratos
963 2347 1025 2364 ma-
1100 2341 1109 2362 3
1133 2337 1287 2368 Timolus
1310 2338 1324 2374 ]
1347 2334 1493 2373 Josephus
1510 2357 1520 2374 ,
1534 2334 1595 2365 loc.
1612 2333 1665 2365 cit.
1687 2341 1735 2363 Ti‹

353 2379 415 2399 mm
431 2370 538 2410 sustulit
563 2384 571 2402 :
603 2371 649 2403 ille
681 2374 810 2405 cervicem
834 2374 950 2405 mediam
974 2386 1026 2405 uno
1060 2375 1158 2412 μίδιος.

1780 792 1833 822 10

1780 1106 1828 1145 15

1773 1422 1828 1451 20
