<?xml version="1.0" encoding="UTF-8"?>
<!DOCTYPE html PUBLIC "-//W3C//DTD XHTML 1.0 Transitional//EN"
    "http://www.w3.org/TR/xhtml1/DTD/xhtml1-transitional.dtd">
<html xmlns="http://www.w3.org/1999/xhtml" xml:lang="en" lang="en">
 <head>
  <title>
</title>
<meta http-equiv="Content-Type" content="text/html;charset=utf-8" />
  <meta name='ocr-system' content='tesseract 3.04.00' />
  <meta name='ocr-capabilities' content='ocr_page ocr_carea ocr_par ocr_line ocrx_word'/>
</head>
<body>
  <div class='ocr_page' id='page_1' title='image "./operabro04taciuoft_0019.png"; bbox 0 0 1952 2708; ppageno 0'>
   <div class='ocr_carea' id='block_1_1' title="bbox 692 159 1612 224">
    <p class='ocr_par' dir='ltr' id='par_1_1' title="bbox 692 159 1612 224">
     <span class='ocr_line' id='line_1_1' title="bbox 692 159 1612 224; baseline 0.008 -22"><span class='ocrx_word' id='word_1_1' title='bbox 692 159 1136 205; x_wconf 87' lang='lat' dir='ltr'><strong>GERMANIA.</strong></span> <span class='ocrx_word' id='word_1_2' title='bbox 1294 206 1298 209; x_wconf 18' lang='lat' dir='ltr'>t</span> <span class='ocrx_word' id='word_1_3' title='bbox 1585 186 1612 224; x_wconf 93' lang='lat'><strong>7</strong></span> 
     </span>
    </p>
   </div>
   <div class='ocr_carea' id='block_1_2' title="bbox 164 241 1614 817">
    <p class='ocr_par' dir='ltr' id='par_1_2' title="bbox 164 241 1614 817">
     <span class='ocr_line' id='line_1_2' title="bbox 211 241 1614 305; baseline -0.003 -12"><span class='ocrx_word' id='word_1_4' title='bbox 211 254 382 299; x_wconf 64' lang='lat' dir='ltr'>aliarum</span> <span class='ocrx_word' id='word_1_5' title='bbox 406 245 590 305; x_wconf 85' lang='lat' dir='ltr'>gentium</span> <span class='ocrx_word' id='word_1_6' title='bbox 614 241 852 285; x_wconf 80' lang='lat' dir='ltr'>adventibus</span> <span class='ocrx_word' id='word_1_7' title='bbox 881 246 920 284; x_wconf 69' lang='grc' dir='ltr'>ὅ(</span> <span class='ocrx_word' id='word_1_8' title='bbox 948 242 1133 299; x_wconf 83' lang='lat' dir='ltr'>hospitiis</span> <span class='ocrx_word' id='word_1_9' title='bbox 1163 249 1174 267; x_wconf 87' lang='lat'><strong>¹</strong></span> <span class='ocrx_word' id='word_1_10' title='bbox 1203 246 1376 289; x_wconf 85' lang='lat' dir='ltr'>mixtos:</span> <span class='ocrx_word' id='word_1_11' title='bbox 1416 251 1507 305; x_wconf 79' lang='lat' dir='ltr'>quia</span> <span class='ocrx_word' id='word_1_12' title='bbox 1535 267 1614 297; x_wconf 73' lang='lat' dir='ltr'>nec</span> 
     </span>
     <span class='ocr_line' id='line_1_3' title="bbox 213 305 1614 363; baseline -0.004 -3"><span class='ocrx_word' id='word_1_13' title='bbox 213 315 318 362; x_wconf 58' lang='lat' dir='ltr'>terra</span> <span class='ocrx_word' id='word_1_14' title='bbox 349 313 449 357; x_wconf 92' lang='lat' dir='ltr'>olim</span> <span class='ocrx_word' id='word_1_15' title='bbox 475 316 490 334; x_wconf 82' lang='lat'>²</span> <span class='ocrx_word' id='word_1_16' title='bbox 506 342 518 363; x_wconf 92' lang='lat'><strong><em>,</em></strong></span> <span class='ocrx_word' id='word_1_17' title='bbox 551 309 619 351; x_wconf 92' lang='lat' dir='ltr'>sed</span> <span class='ocrx_word' id='word_1_18' title='bbox 645 306 826 350; x_wconf 84' lang='lat' dir='ltr'>claffibus</span> <span class='ocrx_word' id='word_1_19' title='bbox 853 305 1182 359; x_wconf 78' lang='lat' dir='ltr'>advehebantur,</span> <span class='ocrx_word' id='word_1_20' title='bbox 1214 310 1282 362; x_wconf 93' lang='lat' dir='ltr'>qui</span> <span class='ocrx_word' id='word_1_21' title='bbox 1315 324 1467 354; x_wconf 86' lang='lat' dir='ltr'>mutare</span> <span class='ocrx_word' id='word_1_22' title='bbox 1503 317 1614 360; x_wconf 75' lang='lat' dir='ltr'>sedes</span> 
     </span>
     <span class='ocr_line' id='line_1_4' title="bbox 213 371 1614 438; baseline -0.001 -15"><span class='ocrx_word' id='word_1_23' title='bbox 213 379 468 438; x_wconf 79' lang='lat' dir='ltr'>quaerebant3</span> <span class='ocrx_word' id='word_1_24' title='bbox 495 380 536 417; x_wconf 85' lang='lat'>&amp;</span> <span class='ocrx_word' id='word_1_25' title='bbox 560 373 777 415; x_wconf 87' lang='lat' dir='ltr'>immensus</span> <span class='ocrx_word' id='word_1_26' title='bbox 801 371 904 413; x_wconf 69' lang='lat' dir='ltr'>ultra</span> <span class='ocrx_word' id='word_1_27' title='bbox 919 403 932 424; x_wconf 90' lang='lat'><strong><em>,</em></strong></span> <span class='ocrx_word' id='word_1_28' title='bbox 961 384 1085 427; x_wconf 87' lang='lat' dir='ltr'>utque</span> <span class='ocrx_word' id='word_1_29' title='bbox 1114 371 1167 413; x_wconf 81' lang='lat' dir='ltr'>sic</span> <span class='ocrx_word' id='word_1_30' title='bbox 1197 372 1367 414; x_wconf 77' lang='lat' dir='ltr'>dixerim</span> <span class='ocrx_word' id='word_1_31' title='bbox 1384 404 1397 424; x_wconf 86' lang='lat'>‚</span> <span class='ocrx_word' id='word_1_32' title='bbox 1430 378 1614 424; x_wconf 74' lang='lat' dir='ltr'>adversus</span> 
     </span>
     <span class='ocr_line' id='line_1_5' title="bbox 214 435 1612 496; baseline -0.005 -8"><span class='ocrx_word' id='word_1_33' title='bbox 214 448 408 488; x_wconf 82' lang='lat' dir='ltr'>Oceanus</span> <span class='ocrx_word' id='word_1_34' title='bbox 437 447 447 471; x_wconf 85' lang='lat'>³</span> <span class='ocrx_word' id='word_1_35' title='bbox 473 442 567 482; x_wconf 87' lang='lat' dir='ltr'>raris</span> <span class='ocrx_word' id='word_1_36' title='bbox 594 438 642 481; x_wconf 88' lang='lat' dir='ltr'>ab</span> <span class='ocrx_word' id='word_1_37' title='bbox 670 437 767 480; x_wconf 87' lang='lat' dir='ltr'>orbe</span> <span class='ocrx_word' id='word_1_38' title='bbox 792 437 926 478; x_wconf 90' lang='lat' dir='ltr'>nostro</span> <span class='ocrx_word' id='word_1_39' title='bbox 952 436 1119 477; x_wconf 85' lang='lat' dir='ltr'>navibus</span> <span class='ocrx_word' id='word_1_40' title='bbox 1148 435 1292 478; x_wconf 85' lang='lat' dir='ltr'>aditur.</span> <span class='ocrx_word' id='word_1_41' title='bbox 1323 438 1427 492; x_wconf 84' lang='lat' dir='ltr'>Quis</span> <span class='ocrx_word' id='word_1_42' title='bbox 1457 445 1577 496; x_wconf 69' lang='lat' dir='ltr'>porro</span> <span class='ocrx_word' id='word_1_43' title='bbox 1596 474 1612 496; x_wconf 82' lang='lat'>‚</span> 
     </span>
     <span class='ocr_line' id='line_1_6' title="bbox 164 500 1613 568; baseline -0.002 -18"><span class='ocrx_word' id='word_1_44' title='bbox 164 517 190 557; x_wconf 85' lang='lat'>5</span> <span class='ocrx_word' id='word_1_45' title='bbox 216 523 355 568; x_wconf 85' lang='lat' dir='ltr'>praeter</span> <span class='ocrx_word' id='word_1_46' title='bbox 377 504 603 565; x_wconf 86' lang='lat' dir='ltr'>periculum</span> <span class='ocrx_word' id='word_1_47' title='bbox 628 502 780 545; x_wconf 86' lang='lat' dir='ltr'>horridi</span> <span class='ocrx_word' id='word_1_48' title='bbox 805 506 847 543; x_wconf 73' lang='grc' dir='ltr'>ὅ(</span> <span class='ocrx_word' id='word_1_49' title='bbox 875 502 1007 558; x_wconf 84' lang='lat' dir='ltr'>ignoti</span> <span class='ocrx_word' id='word_1_50' title='bbox 1032 502 1179 552; x_wconf 81' lang='lat' dir='ltr'>maris,</span> <span class='ocrx_word' id='word_1_51' title='bbox 1207 500 1298 542; x_wconf 64' lang='lat' dir='ltr'>Alia</span> <span class='ocrx_word' id='word_1_52' title='bbox 1313 531 1327 552; x_wconf 87' lang='grc'>,</span> <span class='ocrx_word' id='word_1_53' title='bbox 1354 515 1422 542; x_wconf 91' lang='lat' dir='ltr'>aut</span> <span class='ocrx_word' id='word_1_54' title='bbox 1446 504 1613 558; x_wconf 61' lang='lat' dir='ltr'>Africa,</span> 
     </span>
     <span class='ocr_line' id='line_1_7' title="bbox 214 565 1612 623; baseline -0.005 -8"><span class='ocrx_word' id='word_1_55' title='bbox 214 587 283 616; x_wconf 86' lang='lat' dir='ltr'>aut</span> <span class='ocrx_word' id='word_1_56' title='bbox 302 571 419 614; x_wconf 62' lang='lat' dir='ltr'>Italia</span> <span class='ocrx_word' id='word_1_57' title='bbox 439 568 573 611; x_wconf 58' lang='lat' dir='ltr'>relicffi</span> <span class='ocrx_word' id='word_1_58' title='bbox 586 599 599 620; x_wconf 87' lang='lat'><em>‚</em></span> <span class='ocrx_word' id='word_1_59' title='bbox 629 568 889 609; x_wconf 77' lang='lat' dir='ltr'>Germaniam</span> <span class='ocrx_word' id='word_1_60' title='bbox 913 579 1069 623; x_wconf 86' lang='lat' dir='ltr'>peteret</span> <span class='ocrx_word' id='word_1_61' title='bbox 1089 567 1135 605; x_wconf 78' lang='lat'>4?</span> <span class='ocrx_word' id='word_1_62' title='bbox 1157 565 1373 607; x_wconf 83' lang='lat' dir='ltr'>informem</span> <span class='ocrx_word' id='word_1_63' title='bbox 1395 569 1534 619; x_wconf 87' lang='lat' dir='ltr'>terris,</span> <span class='ocrx_word' id='word_1_64' title='bbox 1558 571 1612 612; x_wconf 82' lang='lat' dir='ltr'>as-</span> 
     </span>
     <span class='ocr_line' id='line_1_8' title="bbox 214 629 1611 695; baseline -0.004 -16"><span class='ocrx_word' id='word_1_65' title='bbox 214 653 351 695; x_wconf 83' lang='lat' dir='ltr'>peram</span> <span class='ocrx_word' id='word_1_66' title='bbox 377 633 476 677; x_wconf 86' lang='lat' dir='ltr'>caelo</span> <span class='ocrx_word' id='word_1_67' title='bbox 488 664 501 685; x_wconf 86' lang='lat'><strong><em>,</em></strong></span> <span class='ocrx_word' id='word_1_68' title='bbox 524 634 672 675; x_wconf 86' lang='lat' dir='ltr'>tristem</span> <span class='ocrx_word' id='word_1_69' title='bbox 695 630 810 673; x_wconf 91' lang='lat' dir='ltr'>cultu</span> <span class='ocrx_word' id='word_1_70' title='bbox 833 630 1069 688; x_wconf 64' lang='lat' dir='ltr'>aspeEtuque</span> <span class='ocrx_word' id='word_1_71' title='bbox 1082 659 1096 681; x_wconf 88' lang='lat'><strong><em>,</em></strong></span> <span class='ocrx_word' id='word_1_72' title='bbox 1123 629 1194 670; x_wconf 86' lang='lat' dir='ltr'>nifi</span> <span class='ocrx_word' id='word_1_73' title='bbox 1217 629 1244 669; x_wconf 89' lang='lat' dir='ltr'>s1</span> <span class='ocrx_word' id='word_1_74' title='bbox 1265 631 1391 686; x_wconf 87' lang='lat' dir='ltr'>patria</span> <span class='ocrx_word' id='word_1_75' title='bbox 1411 631 1469 672; x_wconf 90' lang='lat' dir='ltr'>s1t.</span> <span class='ocrx_word' id='word_1_76' title='bbox 1491 632 1611 675; x_wconf 88' lang='lat' dir='ltr'>Cele-</span> 
     </span>
     <span class='ocr_line' id='line_1_9' title="bbox 214 693 1609 750; baseline -0.004 -7"><span class='ocrx_word' id='word_1_77' title='bbox 214 702 331 743; x_wconf 86' lang='lat' dir='ltr'>brant</span> <span class='ocrx_word' id='word_1_78' title='bbox 353 697 596 741; x_wconf 84' lang='lat' dir='ltr'>carminibus</span> <span class='ocrx_word' id='word_1_79' title='bbox 620 696 822 750; x_wconf 87' lang='lat' dir='ltr'>antiquis5</span> <span class='ocrx_word' id='word_1_80' title='bbox 843 699 854 746; x_wconf 95' lang='lat'>(</span> <span class='ocrx_word' id='word_1_81' title='bbox 877 694 986 749; x_wconf 90' lang='lat' dir='ltr'>quod</span> <span class='ocrx_word' id='word_1_82' title='bbox 1014 709 1141 734; x_wconf 88' lang='lat' dir='ltr'>unum</span> <span class='ocrx_word' id='word_1_83' title='bbox 1164 694 1269 750; x_wconf 88' lang='lat' dir='ltr'>apud</span> <span class='ocrx_word' id='word_1_84' title='bbox 1290 693 1384 736; x_wconf 84' lang='lat' dir='ltr'>illos</span> <span class='ocrx_word' id='word_1_85' title='bbox 1408 699 1609 737; x_wconf 72' lang='lat' dir='ltr'>memoria:</span> 
     </span>
     <span class='ocr_line' id='line_1_10' title="bbox 216 756 1610 817; baseline -0.006 -10"><span class='ocrx_word' id='word_1_86' title='bbox 216 769 257 806; x_wconf 73' lang='grc' dir='ltr'>ὅ(</span> <span class='ocrx_word' id='word_1_87' title='bbox 282 763 487 806; x_wconf 86' lang='lat' dir='ltr'>annalium</span> <span class='ocrx_word' id='word_1_88' title='bbox 514 776 640 817; x_wconf 83' lang='lat' dir='ltr'>genus</span> <span class='ocrx_word' id='word_1_89' title='bbox 666 761 719 801; x_wconf 89' lang='lat' dir='ltr'>est</span> <span class='ocrx_word' id='word_1_90' title='bbox 743 763 755 810; x_wconf 97' lang='lat'>)</span> <span class='ocrx_word' id='word_1_91' title='bbox 784 777 805 796; x_wconf 83' lang='lat'>‹&lt;</span> <span class='ocrx_word' id='word_1_92' title='bbox 825 759 1061 800; x_wconf 88' lang='lat' dir='ltr'>Tuistonem</span> <span class='ocrx_word' id='word_1_93' title='bbox 1079 757 1096 780; x_wconf 81' lang='lat'><strong><em>⁶</em></strong></span> <span class='ocrx_word' id='word_1_94' title='bbox 1117 758 1236 798; x_wconf 87' lang='lat' dir='ltr'>deum</span> <span class='ocrx_word' id='word_1_95' title='bbox 1252 789 1264 809; x_wconf 86' lang='lat'>,</span> <span class='ocrx_word' id='word_1_96' title='bbox 1296 756 1399 799; x_wconf 58' lang='lat' dir='ltr'>terra</span> <span class='ocrx_word' id='word_1_97' title='bbox 1426 759 1577 800; x_wconf 87' lang='lat' dir='ltr'>editum</span> <span class='ocrx_word' id='word_1_98' title='bbox 1595 790 1610 811; x_wconf 85' lang='lat'><em>‚</em></span> 
     </span>
    </p>
   </div>
   <div class='ocr_carea' id='block_1_3' title="bbox 138 822 1609 879">
    <p class='ocr_par' dir='ltr' id='par_1_3' title="bbox 138 822 1609 879">
     <span class='ocr_line' id='line_1_11' title="bbox 138 822 1609 879; baseline -0.001 -13"><span class='ocrx_word' id='word_1_99' title='bbox 138 835 189 863; x_wconf 88' lang='lat'>10</span> <span class='ocrx_word' id='word_1_100' title='bbox 212 833 287 870; x_wconf 84' lang='lat'>»&amp;</span> <span class='ocrx_word' id='word_1_101' title='bbox 316 827 446 868; x_wconf 88' lang='lat' dir='ltr'>filiurn</span> <span class='ocrx_word' id='word_1_102' title='bbox 468 827 669 866; x_wconf 88' lang='lat' dir='ltr'>Mannum</span> <span class='ocrx_word' id='word_1_103' title='bbox 684 853 697 874; x_wconf 88' lang='lat'>,</span> <span class='ocrx_word' id='word_1_104' title='bbox 728 825 929 879; x_wconf 82' lang='lat' dir='ltr'>originem</span> <span class='ocrx_word' id='word_1_105' title='bbox 948 823 1080 878; x_wconf 85' lang='lat' dir='ltr'>gentis</span> <span class='ocrx_word' id='word_1_106' title='bbox 1102 822 1426 876; x_wconf 85' lang='lat' dir='ltr'>conditoresque.</span> <span class='ocrx_word' id='word_1_107' title='bbox 1448 823 1609 865; x_wconf 88' lang='lat' dir='ltr'>Manno</span> 
     </span>
    </p>
   </div>
   <div class='ocr_carea' id='block_1_4' title="bbox 209 885 1609 1075">
    <p class='ocr_par' dir='ltr' id='par_1_4' title="bbox 209 885 1609 1075">
     <span class='ocr_line' id='line_1_12' title="bbox 209 885 1609 944; baseline -0.001 -14"><span class='ocrx_word' id='word_1_108' title='bbox 209 906 322 933; x_wconf 82' lang='lat' dir='ltr'>»tres</span> <span class='ocrx_word' id='word_1_109' title='bbox 349 889 453 931; x_wconf 78' lang='lat' dir='ltr'>filios</span> <span class='ocrx_word' id='word_1_110' title='bbox 476 889 706 944; x_wconf 80' lang='lat' dir='ltr'>adsignant,</span> <span class='ocrx_word' id='word_1_111' title='bbox 735 901 757 928; x_wconf 89' lang='lat' dir='ltr'>e</span> <span class='ocrx_word' id='word_1_112' title='bbox 781 901 951 942; x_wconf 89' lang='lat' dir='ltr'>quotum</span> <span class='ocrx_word' id='word_1_113' title='bbox 976 885 1207 928; x_wconf 87' lang='lat' dir='ltr'>nominibus</span> <span class='ocrx_word' id='word_1_114' title='bbox 1233 887 1407 942; x_wconf 83' lang='lat' dir='ltr'>proximi</span> <span class='ocrx_word' id='word_1_115' title='bbox 1435 886 1609 928; x_wconf 84' lang='lat' dir='ltr'>Oceano</span> 
     </span>
     <span class='ocr_line' id='line_1_13' title="bbox 209 949 1607 1010; baseline -0.001 -16"><span class='ocrx_word' id='word_1_116' title='bbox 209 956 479 1010; x_wconf 77' lang='lat' dir='ltr'>»Ingaevones</span> <span class='ocrx_word' id='word_1_117' title='bbox 494 984 506 1004; x_wconf 89' lang='lat'><em>‚</em></span> <span class='ocrx_word' id='word_1_118' title='bbox 533 954 655 994; x_wconf 89' lang='lat' dir='ltr'>medii</span> <span class='ocrx_word' id='word_1_119' title='bbox 671 953 943 1002; x_wconf 83' lang='lat' dir='ltr'>Hermiones,</span> <span class='ocrx_word' id='word_1_120' title='bbox 967 951 1091 992; x_wconf 87' lang='lat' dir='ltr'>ceteri</span> <span class='ocrx_word' id='word_1_121' title='bbox 1106 949 1317 990; x_wconf 83' lang='lat' dir='ltr'>Istaevones</span> <span class='ocrx_word' id='word_1_122' title='bbox 1341 965 1538 992; x_wconf 89' lang='lat' dir='ltr'>vocentur</span> <span class='ocrx_word' id='word_1_123' title='bbox 1560 968 1607 992; x_wconf 72' lang='lat'>»-</span> 
     </span>
     <span class='ocr_line' id='line_1_14' title="bbox 210 1012 1606 1075; baseline -0.004 -15"><span class='ocrx_word' id='word_1_124' title='bbox 210 1018 389 1075; x_wconf 87' lang='lat' dir='ltr'>Quidam</span> <span class='ocrx_word' id='word_1_125' title='bbox 409 1031 543 1059; x_wconf 89' lang='lat' dir='ltr'>autem</span> <span class='ocrx_word' id='word_1_126' title='bbox 560 1022 574 1045; x_wconf 90' lang='lat'><strong><em>⁷</em></strong></span> <span class='ocrx_word' id='word_1_127' title='bbox 598 1046 612 1069; x_wconf 83' lang='lat'>‚</span> <span class='ocrx_word' id='word_1_128' title='bbox 640 1014 806 1057; x_wconf 60' lang='lat' dir='ltr'>licentia</span> <span class='ocrx_word' id='word_1_129' title='bbox 825 1016 1028 1056; x_wconf 86' lang='lat' dir='ltr'>vetustatis</span> <span class='ocrx_word' id='word_1_130' title='bbox 1036 1045 1050 1067; x_wconf 83' lang='lat'><em>‚</em></span> <span class='ocrx_word' id='word_1_131' title='bbox 1074 1031 1096 1052; x_wconf 90' lang='lat'>«</span> <span class='ocrx_word' id='word_1_132' title='bbox 1113 1013 1246 1070; x_wconf 88' lang='lat' dir='ltr'>plures</span> <span class='ocrx_word' id='word_1_133' title='bbox 1264 1013 1341 1055; x_wconf 92' lang='lat' dir='ltr'>deo</span> <span class='ocrx_word' id='word_1_134' title='bbox 1359 1027 1468 1055; x_wconf 88' lang='lat' dir='ltr'>ortos</span> <span class='ocrx_word' id='word_1_135' title='bbox 1481 1044 1494 1066; x_wconf 83' lang='lat'><em>,</em></span> <span class='ocrx_word' id='word_1_136' title='bbox 1516 1012 1606 1071; x_wconf 86' lang='lat' dir='ltr'>plu-</span> 
     </span>
    </p>
   </div>
   <div class='ocr_carea' id='block_1_5' title="bbox 203 1155 890 2380">
    <p class='ocr_par' dir='ltr' id='par_1_5' title="bbox 203 1155 890 2380">
     <span class='ocr_line' id='line_1_15' title="bbox 248 1155 890 1193; baseline -0.005 -5"><span class='ocrx_word' id='word_1_137' title='bbox 248 1164 258 1178; x_wconf 88' lang='lat'>¹</span> <span class='ocrx_word' id='word_1_138' title='bbox 288 1158 495 1190; x_wconf 72' lang='lat' dir='ltr'>onrurrnus</span> <span class='ocrx_word' id='word_1_139' title='bbox 520 1167 560 1188; x_wconf 75' lang='lat' dir='ltr'>m·</span> <span class='ocrx_word' id='word_1_140' title='bbox 581 1157 768 1193; x_wconf 73' lang='lat' dir='ltr'>nosmrus]</span> <span class='ocrx_word' id='word_1_141' title='bbox 791 1155 890 1186; x_wconf 82' lang='lat' dir='ltr'>Aliter</span> 
     </span>
     <span class='ocr_line' id='line_1_16' title="bbox 207 1196 888 1236; baseline -0.007 -7"><span class='ocrx_word' id='word_1_142' title='bbox 207 1197 243 1229; x_wconf 89' lang='lat'>&amp;</span> <span class='ocrx_word' id='word_1_143' title='bbox 259 1200 332 1229; x_wconf 76' lang='lat' dir='ltr'>vere</span> <span class='ocrx_word' id='word_1_144' title='bbox 348 1198 411 1236; x_wconf 87' lang='lat' dir='ltr'>ipse</span> <span class='ocrx_word' id='word_1_145' title='bbox 423 1196 551 1227; x_wconf 81' lang='lat' dir='ltr'>Tacitus</span> <span class='ocrx_word' id='word_1_146' title='bbox 567 1196 648 1226; x_wconf 65' lang='lat' dir='ltr'>infra</span> <span class='ocrx_word' id='word_1_147' title='bbox 659 1206 725 1234; x_wconf 84' lang='lat' dir='ltr'>cap.</span> <span class='ocrx_word' id='word_1_148' title='bbox 736 1198 775 1225; x_wconf 81' lang='lat'>28</span> <span class='ocrx_word' id='word_1_149' title='bbox 788 1196 867 1232; x_wconf 85' lang='lat'>&amp;43</span> <span class='ocrx_word' id='word_1_150' title='bbox 880 1218 888 1229; x_wconf 89' lang='lat'>‚</span> 
     </span>
     <span class='ocr_line' id='line_1_17' title="bbox 207 1235 888 1271; baseline -0.007 -3"><span class='ocrx_word' id='word_1_151' title='bbox 207 1237 318 1268; x_wconf 75' lang='lat' dir='ltr'>Gallos</span> <span class='ocrx_word' id='word_1_152' title='bbox 334 1259 342 1271; x_wconf 82' lang='lat'><strong>‚</strong></span> <span class='ocrx_word' id='word_1_153' title='bbox 358 1236 519 1267; x_wconf 88' lang='lat' dir='ltr'>Gothinos</span> <span class='ocrx_word' id='word_1_154' title='bbox 538 1258 547 1271; x_wconf 91' lang='lat'>,</span> <span class='ocrx_word' id='word_1_155' title='bbox 573 1236 607 1265; x_wconf 91' lang='lat'>&amp;</span> <span class='ocrx_word' id='word_1_156' title='bbox 631 1235 709 1264; x_wconf 90' lang='lat' dir='ltr'>Osos</span> <span class='ocrx_word' id='word_1_157' title='bbox 723 1257 732 1269; x_wconf 95' lang='lat'>‚</span> <span class='ocrx_word' id='word_1_158' title='bbox 754 1235 888 1264; x_wconf 79' lang='lat' dir='ltr'>advenas</span> 
     </span>
     <span class='ocr_line' id='line_1_18' title="bbox 206 1273 888 1315; baseline -0.006 -8"><span class='ocrx_word' id='word_1_159' title='bbox 206 1284 303 1315; x_wconf 84' lang='lat' dir='ltr'>atque</span> <span class='ocrx_word' id='word_1_160' title='bbox 316 1275 450 1314; x_wconf 83' lang='lat' dir='ltr'>hospites</span> <span class='ocrx_word' id='word_1_161' title='bbox 467 1281 632 1304; x_wconf 84' lang='lat' dir='ltr'>memorat.</span> <span class='ocrx_word' id='word_1_162' title='bbox 651 1273 705 1303; x_wconf 89' lang='lat' dir='ltr'>His</span> <span class='ocrx_word' id='word_1_163' title='bbox 720 1282 825 1304; x_wconf 88' lang='lat' dir='ltr'>tamen</span> <span class='ocrx_word' id='word_1_164' title='bbox 838 1274 888 1304; x_wconf 91' lang='lat' dir='ltr'>ad-</span> 
     </span>
     <span class='ocr_line' id='line_1_19' title="bbox 206 1312 888 1353; baseline -0.004 -8"><span class='ocrx_word' id='word_1_165' title='bbox 206 1315 355 1345; x_wconf 87' lang='lat' dir='ltr'>ventibus</span> <span class='ocrx_word' id='word_1_166' title='bbox 380 1315 414 1345; x_wconf 84' lang='lat'>&amp;</span> <span class='ocrx_word' id='word_1_167' title='bbox 438 1313 580 1353; x_wconf 85' lang='lat' dir='ltr'>hospitiis</span> <span class='ocrx_word' id='word_1_168' title='bbox 607 1312 739 1343; x_wconf 74' lang='lat' dir='ltr'>minime</span> <span class='ocrx_word' id='word_1_169' title='bbox 771 1312 888 1343; x_wconf 86' lang='lat' dir='ltr'>mixtos</span> 
     </span>
     <span class='ocr_line' id='line_1_20' title="bbox 206 1352 887 1390; baseline -0.004 -5"><span class='ocrx_word' id='word_1_170' title='bbox 206 1354 294 1385; x_wconf 76' lang='lat' dir='ltr'>fuisse</span> <span class='ocrx_word' id='word_1_171' title='bbox 308 1355 483 1385; x_wconf 84' lang='lat' dir='ltr'>Germanos</span> <span class='ocrx_word' id='word_1_172' title='bbox 496 1377 505 1390; x_wconf 94' lang='lat'>‚</span> <span class='ocrx_word' id='word_1_173' title='bbox 535 1352 661 1384; x_wconf 84' lang='lat' dir='ltr'>censent</span> <span class='ocrx_word' id='word_1_174' title='bbox 679 1352 793 1383; x_wconf 86' lang='lat' dir='ltr'>eruditi</span> <span class='ocrx_word' id='word_1_175' title='bbox 806 1353 887 1383; x_wconf 89' lang='lat' dir='ltr'>Ger-</span> 
     </span>
     <span class='ocr_line' id='line_1_21' title="bbox 205 1392 888 1432; baseline -0.004 -8"><span class='ocrx_word' id='word_1_176' title='bbox 205 1394 291 1424; x_wconf 89' lang='lat' dir='ltr'>mani</span> <span class='ocrx_word' id='word_1_177' title='bbox 317 1405 325 1424; x_wconf 89' lang='lat'>:</span> <span class='ocrx_word' id='word_1_178' title='bbox 348 1393 413 1423; x_wconf 91' lang='lat' dir='ltr'>vim</span> <span class='ocrx_word' id='word_1_179' title='bbox 438 1392 561 1432; x_wconf 85' lang='lat' dir='ltr'>imperii</span> <span class='ocrx_word' id='word_1_180' title='bbox 584 1403 678 1431; x_wconf 84' lang='lat' dir='ltr'>penes</span> <span class='ocrx_word' id='word_1_181' title='bbox 700 1402 755 1422; x_wconf 83' lang='lat' dir='ltr'>eos</span> <span class='ocrx_word' id='word_1_182' title='bbox 771 1392 888 1430; x_wconf 86' lang='lat' dir='ltr'>semper</span> 
     </span>
     <span class='ocr_line' id='line_1_22' title="bbox 205 1431 889 1472; baseline -0.004 -8"><span class='ocrx_word' id='word_1_183' title='bbox 205 1433 293 1464; x_wconf 84' lang='lat' dir='ltr'>fuiffe</span> <span class='ocrx_word' id='word_1_184' title='bbox 318 1444 327 1463; x_wconf 88' lang='lat'>:</span> <span class='ocrx_word' id='word_1_185' title='bbox 346 1433 536 1472; x_wconf 65' lang='lat' dir='ltr'>alienigenas</span> <span class='ocrx_word' id='word_1_186' title='bbox 555 1433 630 1462; x_wconf 72' lang='lat' dir='ltr'>vero</span> <span class='ocrx_word' id='word_1_187' title='bbox 658 1431 798 1471; x_wconf 69' lang='lat' dir='ltr'>precarii)</span> <span class='ocrx_word' id='word_1_188' title='bbox 821 1440 889 1462; x_wconf 75' lang='lat' dir='ltr'>tan-</span> 
     </span>
     <span class='ocr_line' id='line_1_23' title="bbox 204 1470 888 1512; baseline -0.006 -9"><span class='ocrx_word' id='word_1_189' title='bbox 204 1476 272 1504; x_wconf 72' lang='lat' dir='ltr'>tum</span> <span class='ocrx_word' id='word_1_190' title='bbox 281 1473 375 1510; x_wconf 84' lang='lat' dir='ltr'>‚&amp;ut</span> <span class='ocrx_word' id='word_1_191' title='bbox 386 1473 483 1512; x_wconf 68' lang='lat' dir='ltr'>vulgo</span> <span class='ocrx_word' id='word_1_192' title='bbox 496 1472 656 1512; x_wconf 88' lang='lat' dir='ltr'>loquimur</span> <span class='ocrx_word' id='word_1_193' title='bbox 666 1481 719 1508; x_wconf 80' lang='lat' dir='ltr'>par</span> <span class='ocrx_word' id='word_1_194' title='bbox 732 1470 888 1500; x_wconf 80' lang='lat' dir='ltr'>droitd&#39;au-</span> 
     </span>
     <span class='ocr_line' id='line_1_24' title="bbox 205 1512 479 1550; baseline 0.007 -9"><span class='ocrx_word' id='word_1_195' title='bbox 205 1512 305 1550; x_wconf 79' lang='lat' dir='ltr'>lmine,</span> <span class='ocrx_word' id='word_1_196' title='bbox 322 1512 479 1543; x_wconf 76' lang='lat' dir='ltr'>habitasse.</span> 
     </span>
     <span class='ocr_line' id='line_1_25' title="bbox 247 1550 887 1589; baseline -0.005 -6"><span class='ocrx_word' id='word_1_197' title='bbox 247 1556 258 1569; x_wconf 92' lang='lat'><em>²</em></span> <span class='ocrx_word' id='word_1_198' title='bbox 282 1553 350 1583; x_wconf 74' lang='lat' dir='ltr'>Nec</span> <span class='ocrx_word' id='word_1_199' title='bbox 369 1564 472 1583; x_wconf 59' lang='lat' dir='ltr'>renna</span> <span class='ocrx_word' id='word_1_200' title='bbox 491 1555 596 1582; x_wconf 59' lang='lat' dir='ltr'>oum}</span> <span class='ocrx_word' id='word_1_201' title='bbox 622 1552 726 1582; x_wconf 84' lang='lat' dir='ltr'>Immo</span> <span class='ocrx_word' id='word_1_202' title='bbox 746 1550 887 1589; x_wconf 72' lang='lat' dir='ltr'>primum</span> 
     </span>
     <span class='ocr_line' id='line_1_26' title="bbox 203 1590 888 1628; baseline 0 -6"><span class='ocrx_word' id='word_1_203' title='bbox 203 1591 285 1623; x_wconf 70' lang='lat' dir='ltr'>terra</span> <span class='ocrx_word' id='word_1_204' title='bbox 312 1616 321 1628; x_wconf 83' lang='lat'>‚</span> <span class='ocrx_word' id='word_1_205' title='bbox 351 1592 467 1622; x_wconf 89' lang='lat' dir='ltr'>deinde</span> <span class='ocrx_word' id='word_1_206' title='bbox 492 1591 629 1622; x_wconf 77' lang='lat' dir='ltr'>claffibus</span> <span class='ocrx_word' id='word_1_207' title='bbox 643 1615 651 1628; x_wconf 94' lang='lat'><strong><em>‚</em></strong></span> <span class='ocrx_word' id='word_1_208' title='bbox 673 1590 724 1621; x_wconf 88' lang='lat' dir='ltr'>sed</span> <span class='ocrx_word' id='word_1_209' title='bbox 743 1590 810 1621; x_wconf 68' lang='lat' dir='ltr'>seri&gt;</span> <span class='ocrx_word' id='word_1_210' title='bbox 824 1614 833 1625; x_wconf 93' lang='lat'>‚</span> <span class='ocrx_word' id='word_1_211' title='bbox 853 1592 888 1622; x_wconf 86' lang='lat'>&amp;</span> 
     </span>
     <span class='ocr_line' id='line_1_27' title="bbox 205 1629 889 1668; baseline -0.003 -6"><span class='ocrx_word' id='word_1_212' title='bbox 205 1634 278 1662; x_wconf 77' lang='lat' dir='ltr'>cum</span> <span class='ocrx_word' id='word_1_213' title='bbox 297 1640 377 1662; x_wconf 85' lang='lat' dir='ltr'>artes</span> <span class='ocrx_word' id='word_1_214' title='bbox 399 1631 605 1663; x_wconf 84' lang='lat' dir='ltr'>adoleviffent</span> <span class='ocrx_word' id='word_1_215' title='bbox 619 1655 629 1668; x_wconf 93' lang='lat'>,</span> <span class='ocrx_word' id='word_1_216' title='bbox 646 1638 770 1661; x_wconf 85' lang='lat' dir='ltr'>mutatae</span> <span class='ocrx_word' id='word_1_217' title='bbox 784 1629 889 1660; x_wconf 88' lang='lat' dir='ltr'>homi-</span> 
     </span>
     <span class='ocr_line' id='line_1_28' title="bbox 204 1671 393 1703; baseline -0.011 0"><span class='ocrx_word' id='word_1_218' title='bbox 204 1681 282 1703; x_wconf 88' lang='lat' dir='ltr'>num</span> <span class='ocrx_word' id='word_1_219' title='bbox 297 1671 393 1702; x_wconf 86' lang='lat' dir='ltr'>sedes.</span> 
     </span>
     <span class='ocr_line' id='line_1_29' title="bbox 248 1709 889 1749; baseline -0.003 -8"><span class='ocrx_word' id='word_1_220' title='bbox 248 1716 258 1737; x_wconf 87' lang='lat'><em>³</em></span> <span class='ocrx_word' id='word_1_221' title='bbox 282 1713 458 1742; x_wconf 74' lang='lat' dir='ltr'>onrusus</span> <span class='ocrx_word' id='word_1_222' title='bbox 491 1711 639 1741; x_wconf 67' lang='lat' dir='ltr'>Ocmnus</span> <span class='ocrx_word' id='word_1_223' title='bbox 662 1711 677 1747; x_wconf 97' lang='grc'>]</span> <span class='ocrx_word' id='word_1_224' title='bbox 705 1710 791 1740; x_wconf 88' lang='lat' dir='ltr'>Bene</span> <span class='ocrx_word' id='word_1_225' title='bbox 817 1709 889 1749; x_wconf 91' lang='lat' dir='ltr'>qui-</span> 
     </span>
     <span class='ocr_line' id='line_1_30' title="bbox 206 1748 889 1790; baseline -0.003 -10"><span class='ocrx_word' id='word_1_226' title='bbox 206 1750 291 1781; x_wconf 87' lang='lat' dir='ltr'>dem.</span> <span class='ocrx_word' id='word_1_227' title='bbox 321 1752 389 1781; x_wconf 88' lang='lat' dir='ltr'>Nec</span> <span class='ocrx_word' id='word_1_228' title='bbox 411 1749 584 1790; x_wconf 86' lang='lat' dir='ltr'>antiquitus</span> <span class='ocrx_word' id='word_1_229' title='bbox 601 1752 738 1785; x_wconf 73' lang='lat' dir='ltr'>tantum,</span> <span class='ocrx_word' id='word_1_230' title='bbox 755 1749 806 1780; x_wconf 89' lang='lat' dir='ltr'>sed</span> <span class='ocrx_word' id='word_1_231' title='bbox 820 1773 827 1785; x_wconf 89' lang='lat'>,</span> <span class='ocrx_word' id='word_1_232' title='bbox 842 1748 889 1778; x_wconf 92' lang='lat' dir='ltr'>vi-</span> 
     </span>
     <span class='ocr_line' id='line_1_31' title="bbox 205 1789 888 1860; baseline -0.003 -40"><span class='ocrx_word' id='word_1_233' title='bbox 205 1799 301 1860; x_wconf 50' lang='grc' dir='ltr'><strong>ἔθηκε</strong></span> <span class='ocrx_word' id='word_1_234' title='bbox 323 1791 417 1821; x_wconf 86' lang='lat' dir='ltr'>etiam</span> <span class='ocrx_word' id='word_1_235' title='bbox 434 1790 566 1827; x_wconf 78' lang='lat' dir='ltr'>imperio</span> <span class='ocrx_word' id='word_1_236' title='bbox 585 1791 731 1820; x_wconf 86' lang='lat' dir='ltr'>Romano</span> <span class='ocrx_word' id='word_1_237' title='bbox 745 1808 753 1821; x_wconf 77' lang='lat'><strong>‚</strong></span> <span class='ocrx_word' id='word_1_238' title='bbox 777 1789 888 1819; x_wconf 90' lang='lat' dir='ltr'>adver-</span> 
     </span>
     <span class='ocr_line' id='line_1_32' title="bbox 221 1829 886 1862; baseline -0.002 -3"><span class='ocrx_word' id='word_1_239' title='bbox 221 1840 255 1859; x_wconf 82' lang='lat' dir='ltr'>us</span> <span class='ocrx_word' id='word_1_240' title='bbox 267 1831 410 1860; x_wconf 78' lang='lat' dir='ltr'>Oceanus</span> <span class='ocrx_word' id='word_1_241' title='bbox 426 1830 502 1860; x_wconf 87' lang='lat' dir='ltr'>raris</span> <span class='ocrx_word' id='word_1_242' title='bbox 517 1829 649 1860; x_wconf 86' lang='lat' dir='ltr'>navibus</span> <span class='ocrx_word' id='word_1_243' title='bbox 661 1829 805 1859; x_wconf 75' lang='lat' dir='ltr'>adibatur</span> <span class='ocrx_word' id='word_1_244' title='bbox 818 1852 826 1862; x_wconf 83' lang='grc'>,</span> <span class='ocrx_word' id='word_1_245' title='bbox 843 1829 886 1859; x_wconf 96' lang='lat' dir='ltr'>ob</span> 
     </span>
     <span class='ocr_line' id='line_1_33' title="bbox 206 1867 885 1908; baseline 0 -10"><span class='ocrx_word' id='word_1_246' title='bbox 206 1868 353 1908; x_wconf 85' lang='lat' dir='ltr'>exiguam</span> <span class='ocrx_word' id='word_1_247' title='bbox 368 1869 413 1899; x_wconf 86' lang='lat' dir='ltr'>rei</span> <span class='ocrx_word' id='word_1_248' title='bbox 426 1869 555 1899; x_wconf 87' lang='lat' dir='ltr'>nauticae</span> <span class='ocrx_word' id='word_1_249' title='bbox 572 1868 741 1899; x_wconf 82' lang='lat' dir='ltr'>scientiam.</span> <span class='ocrx_word' id='word_1_250' title='bbox 753 1867 885 1903; x_wconf 84' lang='lat' dir='ltr'>Drusus,</span> 
     </span>
     <span class='ocr_line' id='line_1_34' title="bbox 207 1907 886 1947; baseline -0.003 -10"><span class='ocrx_word' id='word_1_251' title='bbox 207 1915 295 1946; x_wconf 84' lang='lat' dir='ltr'>pater</span> <span class='ocrx_word' id='word_1_252' title='bbox 303 1909 427 1939; x_wconf 80' lang='lat' dir='ltr'>Claudii</span> <span class='ocrx_word' id='word_1_253' title='bbox 444 1908 803 1947; x_wconf 75' lang='lat' dir='ltr'>imperatoris‚0ceanum</span> <span class='ocrx_word' id='word_1_254' title='bbox 818 1907 886 1944; x_wconf 79' lang='lat' dir='ltr'>Sep-</span> 
     </span>
     <span class='ocr_line' id='line_1_35' title="bbox 207 1946 884 1984; baseline 0 -9"><span class='ocrx_word' id='word_1_255' title='bbox 207 1946 406 1976; x_wconf 70' lang='lat' dir='ltr'>temrriorzalem</span> <span class='ocrx_word' id='word_1_256' title='bbox 417 1948 523 1984; x_wconf 82' lang='lat' dir='ltr'>primus</span> <span class='ocrx_word' id='word_1_257' title='bbox 535 1948 717 1977; x_wconf 77' lang='lat' dir='ltr'>Romanorum</span> <span class='ocrx_word' id='word_1_258' title='bbox 728 1947 824 1976; x_wconf 75' lang='lat' dir='ltr'>ducum</span> <span class='ocrx_word' id='word_1_259' title='bbox 836 1956 884 1975; x_wconf 80' lang='lat' dir='ltr'>na-</span> 
     </span>
     <span class='ocr_line' id='line_1_36' title="bbox 207 1986 886 2025; baseline 0 -9"><span class='ocrx_word' id='word_1_260' title='bbox 207 1986 335 2025; x_wconf 73' lang='lat' dir='ltr'>vigavit,</span> <span class='ocrx_word' id='word_1_261' title='bbox 350 1990 480 2018; x_wconf 79' lang='lat' dir='ltr'>Sueton.</span> <span class='ocrx_word' id='word_1_262' title='bbox 507 1988 539 2017; x_wconf 92' lang='lat' dir='ltr'>in</span> <span class='ocrx_word' id='word_1_263' title='bbox 554 1987 664 2018; x_wconf 87' lang='lat' dir='ltr'>Claud.</span> <span class='ocrx_word' id='word_1_264' title='bbox 686 1989 710 2017; x_wconf 92' lang='grc'>1.</span> <span class='ocrx_word' id='word_1_265' title='bbox 726 1989 886 2025; x_wconf 85' lang='lat' dir='ltr'>Quantum</span> 
     </span>
     <span class='ocr_line' id='line_1_37' title="bbox 206 2025 886 2063; baseline -0.001 -7"><span class='ocrx_word' id='word_1_266' title='bbox 206 2034 313 2056; x_wconf 79' lang='lat' dir='ltr'>autem</span> <span class='ocrx_word' id='word_1_267' title='bbox 339 2025 523 2056; x_wconf 80' lang='lat' dir='ltr'>discriminis</span> <span class='ocrx_word' id='word_1_268' title='bbox 536 2051 545 2063; x_wconf 95' lang='lat'>‚</span> <span class='ocrx_word' id='word_1_269' title='bbox 568 2027 725 2057; x_wconf 66' lang='lat' dir='ltr'>violentia</span> <span class='ocrx_word' id='word_1_270' title='bbox 741 2027 860 2057; x_wconf 82' lang='lat' dir='ltr'>Oceani</span> <span class='ocrx_word' id='word_1_271' title='bbox 877 2050 886 2062; x_wconf 85' lang='lat'>‚</span> 
     </span>
     <span class='ocr_line' id='line_1_38' title="bbox 206 2065 886 2105; baseline 0 -10"><span class='ocrx_word' id='word_1_272' title='bbox 206 2065 320 2096; x_wconf 84' lang='lat' dir='ltr'>adierit</span> <span class='ocrx_word' id='word_1_273' title='bbox 332 2066 535 2096; x_wconf 88' lang='lat' dir='ltr'>Germanicus</span> <span class='ocrx_word' id='word_1_274' title='bbox 545 2089 554 2103; x_wconf 89' lang='lat'>‚</span> <span class='ocrx_word' id='word_1_275' title='bbox 570 2066 708 2097; x_wconf 88' lang='lat' dir='ltr'>vidimus</span> <span class='ocrx_word' id='word_1_276' title='bbox 721 2066 809 2105; x_wconf 73' lang='lat' dir='ltr'>supra</span> <span class='ocrx_word' id='word_1_277' title='bbox 822 2068 886 2095; x_wconf 87' lang='lat' dir='ltr'>An—</span> 
     </span>
     <span class='ocr_line' id='line_1_39' title="bbox 207 2105 405 2142; baseline -0.005 -7"><span class='ocrx_word' id='word_1_278' title='bbox 207 2105 270 2135; x_wconf 85' lang='lat' dir='ltr'>nal.</span> <span class='ocrx_word' id='word_1_279' title='bbox 284 2106 310 2134; x_wconf 80' lang='lat'>11</span> <span class='ocrx_word' id='word_1_280' title='bbox 325 2128 333 2140; x_wconf 91' lang='lat'><strong><em>‚</em></strong></span> <span class='ocrx_word' id='word_1_281' title='bbox 353 2115 405 2142; x_wconf 85' lang='lat'>23.</span> 
     </span>
     <span class='ocr_line' id='line_1_40' title="bbox 247 2145 886 2180; baseline 0 -6"><span class='ocrx_word' id='word_1_282' title='bbox 247 2149 262 2167; x_wconf 82' lang='lat'>⁴</span> <span class='ocrx_word' id='word_1_283' title='bbox 284 2145 485 2174; x_wconf 66' lang='lat' dir='ltr'>GERMANMM</span> <span class='ocrx_word' id='word_1_284' title='bbox 517 2154 659 2175; x_wconf 58' lang='lat' dir='ltr'>perenm*</span> <span class='ocrx_word' id='word_1_285' title='bbox 682 2145 696 2180; x_wconf 94' lang='lat'>]</span> <span class='ocrx_word' id='word_1_286' title='bbox 732 2145 886 2175; x_wconf 87' lang='lat' dir='ltr'>Nondum</span> 
     </span>
     <span class='ocr_line' id='line_1_41' title="bbox 207 2183 883 2223; baseline 0.001 -10"><span class='ocrx_word' id='word_1_287' title='bbox 207 2183 277 2213; x_wconf 84' lang='lat' dir='ltr'>satis</span> <span class='ocrx_word' id='word_1_288' title='bbox 290 2183 394 2214; x_wconf 88' lang='lat' dir='ltr'>valida</span> <span class='ocrx_word' id='word_1_289' title='bbox 406 2183 496 2214; x_wconf 82' lang='lat' dir='ltr'>ratio.</span> <span class='ocrx_word' id='word_1_290' title='bbox 515 2184 616 2213; x_wconf 82' lang='lat' dir='ltr'>Rudes</span> <span class='ocrx_word' id='word_1_291' title='bbox 625 2183 810 2223; x_wconf 82' lang='lat' dir='ltr'>barbarique</span> <span class='ocrx_word' id='word_1_292' title='bbox 827 2184 883 2215; x_wconf 91' lang='lat' dir='ltr'>ho-</span> 
     </span>
     <span class='ocr_line' id='line_1_42' title="bbox 206 2222 885 2261; baseline 0 -8"><span class='ocrx_word' id='word_1_293' title='bbox 206 2223 308 2253; x_wconf 82' lang='lat' dir='ltr'>mines</span> <span class='ocrx_word' id='word_1_294' title='bbox 329 2231 408 2253; x_wconf 85' lang='lat' dir='ltr'>tutas</span> <span class='ocrx_word' id='word_1_295' title='bbox 433 2222 555 2261; x_wconf 75' lang='lat' dir='ltr'>potius,</span> <span class='ocrx_word' id='word_1_296' title='bbox 594 2224 664 2253; x_wconf 71' lang='lat' dir='ltr'>uam</span> <span class='ocrx_word' id='word_1_297' title='bbox 685 2223 765 2253; x_wconf 77' lang='lat' dir='ltr'>laetas</span> <span class='ocrx_word' id='word_1_298' title='bbox 778 2247 786 2258; x_wconf 88' lang='lat'>‚</span> <span class='ocrx_word' id='word_1_299' title='bbox 802 2223 885 2253; x_wconf 90' lang='lat' dir='ltr'>sedes</span> 
     </span>
     <span class='ocr_line' id='line_1_43' title="bbox 207 2261 886 2302; baseline 0 -10"><span class='ocrx_word' id='word_1_300' title='bbox 207 2261 361 2301; x_wconf 77' lang='lat' dir='ltr'>quaesiere.</span> <span class='ocrx_word' id='word_1_301' title='bbox 385 2263 462 2293; x_wconf 87' lang='lat' dir='ltr'>Inde</span> <span class='ocrx_word' id='word_1_302' title='bbox 487 2262 556 2292; x_wconf 88' lang='lat' dir='ltr'>loca</span> <span class='ocrx_word' id='word_1_303' title='bbox 598 2263 721 2299; x_wconf 87' lang='lat' dir='ltr'>orrida,</span> <span class='ocrx_word' id='word_1_304' title='bbox 748 2272 816 2302; x_wconf 85' lang='lat' dir='ltr'>quae</span> <span class='ocrx_word' id='word_1_305' title='bbox 832 2262 886 2292; x_wconf 74' lang='lat' dir='ltr'>vix</span> 
     </span>
     <span class='ocr_line' id='line_1_44' title="bbox 206 2301 885 2340; baseline 0.001 -9"><span class='ocrx_word' id='word_1_306' title='bbox 206 2301 339 2332; x_wconf 87' lang='lat' dir='ltr'>habitari</span> <span class='ocrx_word' id='word_1_307' title='bbox 355 2302 438 2340; x_wconf 79' lang='lat' dir='ltr'>posse</span> <span class='ocrx_word' id='word_1_308' title='bbox 461 2302 673 2339; x_wconf 86' lang='lat' dir='ltr'>crederemus,</span> <span class='ocrx_word' id='word_1_309' title='bbox 690 2312 706 2333; x_wconf 88' lang='lat' dir='ltr'>a</span> <span class='ocrx_word' id='word_1_310' title='bbox 720 2302 885 2332; x_wconf 81' lang='lat' dir='ltr'>nonnullis</span> 
     </span>
     <span class='ocr_line' id='line_1_45' title="bbox 207 2341 885 2380; baseline 0.003 -10"><span class='ocrx_word' id='word_1_311' title='bbox 207 2341 396 2371; x_wconf 82' lang='lat' dir='ltr'>antehabita.</span> <span class='ocrx_word' id='word_1_312' title='bbox 410 2342 534 2374; x_wconf 81' lang='lat' dir='ltr'>Fateor,</span> <span class='ocrx_word' id='word_1_313' title='bbox 545 2342 714 2380; x_wconf 76' lang='lat' dir='ltr'>gratiffimae</span> <span class='ocrx_word' id='word_1_314' title='bbox 722 2342 790 2372; x_wconf 88' lang='lat' dir='ltr'>sunt</span> <span class='ocrx_word' id='word_1_315' title='bbox 800 2341 885 2379; x_wconf 78' lang='lat' dir='ltr'>Afiae,</span> 
     </span>
    </p>
   </div>
   <div class='ocr_carea' id='block_1_6' title="bbox 922 1154 1609 2381">
    <p class='ocr_par' dir='ltr' id='par_1_6' title="bbox 926 1154 1609 1581">
     <span class='ocr_line' id='line_1_46' title="bbox 930 1154 1609 1193; baseline 0.001 -9"><span class='ocrx_word' id='word_1_316' title='bbox 930 1154 1067 1193; x_wconf 86' lang='lat' dir='ltr'>imperiis</span> <span class='ocrx_word' id='word_1_317' title='bbox 1080 1178 1088 1191; x_wconf 86' lang='lat'>‚</span> <span class='ocrx_word' id='word_1_318' title='bbox 1109 1155 1144 1186; x_wconf 87' lang='lat'>&amp;</span> <span class='ocrx_word' id='word_1_319' title='bbox 1157 1154 1266 1185; x_wconf 83' lang='lat' dir='ltr'>adulto</span> <span class='ocrx_word' id='word_1_320' title='bbox 1282 1154 1366 1184; x_wconf 79' lang='lat' dir='ltr'>luxu.</span> <span class='ocrx_word' id='word_1_321' title='bbox 1387 1155 1534 1185; x_wconf 79' lang='lat' dir='ltr'>Praetcrea</span> <span class='ocrx_word' id='word_1_322' title='bbox 1550 1163 1609 1185; x_wconf 84' lang='lat' dir='ltr'>nec</span> 
     </span>
     <span class='ocr_line' id='line_1_47' title="bbox 929 1194 1609 1229; baseline 0.003 -6"><span class='ocrx_word' id='word_1_323' title='bbox 929 1194 1022 1225; x_wconf 80' lang='lat' dir='ltr'>illaeta</span> <span class='ocrx_word' id='word_1_324' title='bbox 1034 1195 1213 1229; x_wconf 85' lang='lat' dir='ltr'>Germania,</span> <span class='ocrx_word' id='word_1_325' title='bbox 1223 1204 1281 1224; x_wconf 88' lang='lat' dir='ltr'>nec</span> <span class='ocrx_word' id='word_1_326' title='bbox 1293 1194 1349 1223; x_wconf 89' lang='lat' dir='ltr'>suis</span> <span class='ocrx_word' id='word_1_327' title='bbox 1363 1202 1446 1224; x_wconf 86' lang='lat' dir='ltr'>caret</span> <span class='ocrx_word' id='word_1_328' title='bbox 1464 1203 1609 1225; x_wconf 88' lang='lat' dir='ltr'>commo-</span> 
     </span>
     <span class='ocr_line' id='line_1_48' title="bbox 929 1232 1608 1272; baseline 0.001 -10"><span class='ocrx_word' id='word_1_329' title='bbox 929 1233 974 1262; x_wconf 82' lang='lat' dir='ltr'>dis</span> <span class='ocrx_word' id='word_1_330' title='bbox 999 1244 1006 1262; x_wconf 89' lang='lat'>:</span> <span class='ocrx_word' id='word_1_331' title='bbox 1029 1233 1128 1263; x_wconf 88' lang='lat' dir='ltr'>immo</span> <span class='ocrx_word' id='word_1_332' title='bbox 1154 1233 1229 1262; x_wconf 89' lang='lat' dir='ltr'>viris</span> <span class='ocrx_word' id='word_1_333' title='bbox 1252 1232 1424 1271; x_wconf 87' lang='lat' dir='ltr'>virtutique</span> <span class='ocrx_word' id='word_1_334' title='bbox 1447 1233 1608 1272; x_wconf 72' lang='lat' dir='ltr'>aptiffima‚</span> 
     </span>
     <span class='ocr_line' id='line_1_49' title="bbox 928 1271 1609 1303; baseline 0.001 -1"><span class='ocrx_word' id='word_1_335' title='bbox 928 1272 1017 1302; x_wconf 91' lang='lat' dir='ltr'>Adde</span> <span class='ocrx_word' id='word_1_336' title='bbox 1043 1282 1107 1302; x_wconf 89' lang='lat' dir='ltr'>non</span> <span class='ocrx_word' id='word_1_337' title='bbox 1130 1271 1229 1302; x_wconf 85' lang='lat' dir='ltr'>statim</span> <span class='ocrx_word' id='word_1_338' title='bbox 1250 1272 1367 1302; x_wconf 62' lang='lat' dir='ltr'>relicias</span> <span class='ocrx_word' id='word_1_339' title='bbox 1391 1272 1474 1302; x_wconf 87' lang='lat' dir='ltr'>sedes</span> <span class='ocrx_word' id='word_1_340' title='bbox 1498 1272 1609 1303; x_wconf 74' lang='lat' dir='ltr'>laetiffi-</span> 
     </span>
     <span class='ocr_line' id='line_1_50' title="bbox 927 1311 1609 1349; baseline 0.004 -8"><span class='ocrx_word' id='word_1_341' title='bbox 927 1322 990 1342; x_wconf 83' lang='lat' dir='ltr'>mas</span> <span class='ocrx_word' id='word_1_342' title='bbox 1003 1336 1011 1347; x_wconf 94' lang='lat'>‚</span> <span class='ocrx_word' id='word_1_343' title='bbox 1032 1321 1066 1342; x_wconf 88' lang='lat' dir='ltr'>ut</span> <span class='ocrx_word' id='word_1_344' title='bbox 1076 1311 1222 1342; x_wconf 87' lang='lat' dir='ltr'>tristiores</span> <span class='ocrx_word' id='word_1_345' title='bbox 1232 1319 1477 1349; x_wconf 78' lang='lat' dir='ltr'>occuparentur:</span> <span class='ocrx_word' id='word_1_346' title='bbox 1490 1312 1541 1342; x_wconf 86' lang='lat' dir='ltr'>sed</span> <span class='ocrx_word' id='word_1_347' title='bbox 1553 1336 1561 1347; x_wconf 92' lang='lat'>,</span> <span class='ocrx_word' id='word_1_348' title='bbox 1574 1320 1609 1344; x_wconf 90' lang='lat' dir='ltr'>ut</span> 
     </span>
     <span class='ocr_line' id='line_1_51' title="bbox 927 1350 1608 1390; baseline 0 -9"><span class='ocrx_word' id='word_1_349' title='bbox 927 1352 960 1381; x_wconf 91' lang='lat' dir='ltr'>in</span> <span class='ocrx_word' id='word_1_350' title='bbox 974 1351 1143 1382; x_wconf 73' lang='lat' dir='ltr'>Germania</span> <span class='ocrx_word' id='word_1_351' title='bbox 1156 1375 1164 1387; x_wconf 93' lang='lat'>,</span> <span class='ocrx_word' id='word_1_352' title='bbox 1180 1352 1218 1381; x_wconf 81' lang='lat' dir='ltr'>de</span> <span class='ocrx_word' id='word_1_353' title='bbox 1231 1350 1291 1390; x_wconf 69' lang='lat' dir='ltr'>qua</span> <span class='ocrx_word' id='word_1_354' title='bbox 1307 1360 1389 1381; x_wconf 88' lang='lat' dir='ltr'>nunc</span> <span class='ocrx_word' id='word_1_355' title='bbox 1403 1350 1503 1389; x_wconf 80' lang='lat' dir='ltr'>agitur</span> <span class='ocrx_word' id='word_1_356' title='bbox 1517 1374 1526 1386; x_wconf 84' lang='lat'>‚</span> <span class='ocrx_word' id='word_1_357' title='bbox 1552 1352 1608 1381; x_wconf 88' lang='lat' dir='ltr'>im-</span> 
     </span>
     <span class='ocr_line' id='line_1_52' title="bbox 928 1389 1608 1429; baseline -0.001 -7"><span class='ocrx_word' id='word_1_358' title='bbox 928 1401 1033 1422; x_wconf 87' lang='lat' dir='ltr'>morer</span> <span class='ocrx_word' id='word_1_359' title='bbox 1045 1415 1054 1427; x_wconf 92' lang='lat'>,</span> <span class='ocrx_word' id='word_1_360' title='bbox 1072 1390 1141 1421; x_wconf 83' lang='lat' dir='ltr'>Asia</span> <span class='ocrx_word' id='word_1_361' title='bbox 1151 1415 1159 1427; x_wconf 86' lang='lat'>,</span> <span class='ocrx_word' id='word_1_362' title='bbox 1171 1390 1353 1421; x_wconf 89' lang='lat' dir='ltr'>hominibus</span> <span class='ocrx_word' id='word_1_363' title='bbox 1367 1390 1457 1425; x_wconf 86' lang='lat' dir='ltr'>foeta,</span> <span class='ocrx_word' id='word_1_364' title='bbox 1471 1389 1608 1429; x_wconf 78' lang='lat' dir='ltr'>primum</span> 
     </span>
     <span class='ocr_line' id='line_1_53' title="bbox 929 1429 1607 1470; baseline -0.003 -9"><span class='ocrx_word' id='word_1_365' title='bbox 929 1431 961 1461; x_wconf 89' lang='lat' dir='ltr'>in</span> <span class='ocrx_word' id='word_1_366' title='bbox 979 1430 1137 1470; x_wconf 85' lang='lat' dir='ltr'>Scythiam</span> <span class='ocrx_word' id='word_1_367' title='bbox 1157 1430 1269 1460; x_wconf 83' lang='lat' dir='ltr'>effusa:</span> <span class='ocrx_word' id='word_1_368' title='bbox 1288 1429 1412 1469; x_wconf 81' lang='lat' dir='ltr'>Scythia</span> <span class='ocrx_word' id='word_1_369' title='bbox 1432 1429 1463 1459; x_wconf 90' lang='lat' dir='ltr'>in</span> <span class='ocrx_word' id='word_1_370' title='bbox 1481 1438 1607 1460; x_wconf 50' lang='lat' dir='ltr'>contet*</span> 
     </span>
     <span class='ocr_line' id='line_1_54' title="bbox 927 1468 1608 1508; baseline 0.001 -8"><span class='ocrx_word' id='word_1_371' title='bbox 927 1471 1045 1501; x_wconf 87' lang='lat' dir='ltr'>minam</span> <span class='ocrx_word' id='word_1_372' title='bbox 1060 1470 1261 1501; x_wconf 79' lang='lat' dir='ltr'>Germaniam</span> <span class='ocrx_word' id='word_1_373' title='bbox 1278 1480 1333 1499; x_wconf 87' lang='lat' dir='ltr'>:ac</span> <span class='ocrx_word' id='word_1_374' title='bbox 1351 1469 1371 1499; x_wconf 86' lang='lat' dir='ltr'><strong>fi</strong></span> <span class='ocrx_word' id='word_1_375' title='bbox 1391 1468 1467 1508; x_wconf 87' lang='lat' dir='ltr'>quid</span> <span class='ocrx_word' id='word_1_376' title='bbox 1484 1469 1608 1501; x_wconf 84' lang='lat' dir='ltr'>deceffit</span> 
     </span>
     <span class='ocr_line' id='line_1_55' title="bbox 927 1508 1608 1549; baseline 0 -9"><span class='ocrx_word' id='word_1_377' title='bbox 927 1510 1101 1549; x_wconf 85' lang='lat' dir='ltr'>voluptati,</span> <span class='ocrx_word' id='word_1_378' title='bbox 1116 1510 1251 1540; x_wconf 85' lang='lat' dir='ltr'>accrevit</span> <span class='ocrx_word' id='word_1_379' title='bbox 1263 1508 1472 1546; x_wconf 75' lang='lat' dir='ltr'>humanitati,</span> <span class='ocrx_word' id='word_1_380' title='bbox 1491 1516 1525 1539; x_wconf 86' lang='lat' dir='ltr'>ut</span> <span class='ocrx_word' id='word_1_381' title='bbox 1534 1516 1608 1540; x_wconf 81' lang='lat' dir='ltr'>toto</span> 
     </span>
     <span class='ocr_line' id='line_1_56' title="bbox 926 1549 1370 1581; baseline -0.005 -1"><span class='ocrx_word' id='word_1_382' title='bbox 926 1549 988 1581; x_wconf 91' lang='lat' dir='ltr'>hoc</span> <span class='ocrx_word' id='word_1_383' title='bbox 1002 1550 1084 1580; x_wconf 86' lang='lat' dir='ltr'>libro</span> <span class='ocrx_word' id='word_1_384' title='bbox 1099 1549 1370 1581; x_wconf 81' lang='lat' dir='ltr'>demonstrabitur.</span> 
     </span>
    </p>

    <p class='ocr_par' dir='ltr' id='par_1_7' title="bbox 923 1587 1609 1946">
     <span class='ocr_line' id='line_1_57' title="bbox 969 1587 1608 1623; baseline -0.003 -3"><span class='ocrx_word' id='word_1_385' title='bbox 969 1595 978 1616; x_wconf 85' lang='lat'><em>5</em></span> <span class='ocrx_word' id='word_1_386' title='bbox 1004 1591 1206 1620; x_wconf 63' lang='lat' dir='ltr'>szwmsus</span> <span class='ocrx_word' id='word_1_387' title='bbox 1238 1597 1383 1623; x_wconf 72' lang='grc' dir='ltr'>ΑΝτιρυις</span> <span class='ocrx_word' id='word_1_388' title='bbox 1402 1591 1413 1622; x_wconf 89' lang='grc'>]</span> <span class='ocrx_word' id='word_1_389' title='bbox 1448 1587 1608 1618; x_wconf 71' lang='lat' dir='ltr'>Omnibus</span> 
     </span>
     <span class='ocr_line' id='line_1_58' title="bbox 928 1628 1608 1666; baseline -0.001 -7"><span class='ocrx_word' id='word_1_390' title='bbox 928 1638 1010 1660; x_wconf 84' lang='lat' dir='ltr'>retro</span> <span class='ocrx_word' id='word_1_391' title='bbox 1026 1629 1159 1663; x_wconf 85' lang='lat' dir='ltr'>saeculis‚</span> <span class='ocrx_word' id='word_1_392' title='bbox 1181 1629 1215 1660; x_wconf 88' lang='lat'>&amp;</span> <span class='ocrx_word' id='word_1_393' title='bbox 1236 1628 1318 1666; x_wconf 86' lang='lat' dir='ltr'>apud</span> <span class='ocrx_word' id='word_1_394' title='bbox 1336 1628 1479 1658; x_wconf 84' lang='lat' dir='ltr'>barbaras</span> <span class='ocrx_word' id='word_1_395' title='bbox 1497 1637 1608 1658; x_wconf 85' lang='lat' dir='ltr'>omnes</span> 
     </span>
     <span class='ocr_line' id='line_1_59' title="bbox 928 1667 1609 1708; baseline -0.003 -9"><span class='ocrx_word' id='word_1_396' title='bbox 928 1677 1033 1708; x_wconf 81' lang='lat' dir='ltr'>gentes</span> <span class='ocrx_word' id='word_1_397' title='bbox 1051 1693 1060 1706; x_wconf 86' lang='lat'>,</span> <span class='ocrx_word' id='word_1_398' title='bbox 1085 1676 1119 1698; x_wconf 89' lang='lat' dir='ltr'>ut</span> <span class='ocrx_word' id='word_1_399' title='bbox 1143 1679 1181 1698; x_wconf 80' lang='lat' dir='ltr'>ex</span> <span class='ocrx_word' id='word_1_400' title='bbox 1200 1667 1349 1698; x_wconf 84' lang='lat' dir='ltr'>Americae</span> <span class='ocrx_word' id='word_1_401' title='bbox 1366 1667 1491 1705; x_wconf 84' lang='lat' dir='ltr'>populis</span> <span class='ocrx_word' id='word_1_402' title='bbox 1514 1667 1609 1697; x_wconf 87' lang='lat' dir='ltr'>nobis</span> 
     </span>
     <span class='ocr_line' id='line_1_60' title="bbox 928 1705 1609 1746; baseline -0.006 -7"><span class='ocrx_word' id='word_1_403' title='bbox 928 1708 1028 1739; x_wconf 85' lang='lat' dir='ltr'>adhuc</span> <span class='ocrx_word' id='word_1_404' title='bbox 1052 1716 1247 1746; x_wconf 86' lang='lat' dir='ltr'>compertum</span> <span class='ocrx_word' id='word_1_405' title='bbox 1268 1731 1277 1743; x_wconf 93' lang='lat'>‚</span> <span class='ocrx_word' id='word_1_406' title='bbox 1303 1707 1386 1736; x_wconf 85' lang='lat' dir='ltr'>idem</span> <span class='ocrx_word' id='word_1_407' title='bbox 1415 1705 1474 1736; x_wconf 83' lang='lat' dir='ltr'>fuit</span> <span class='ocrx_word' id='word_1_408' title='bbox 1498 1706 1609 1736; x_wconf 71' lang='lat' dir='ltr'>carmi-2</span> 
     </span>
     <span class='ocr_line' id='line_1_61' title="bbox 925 1745 1607 1784; baseline -0.003 -6"><span class='ocrx_word' id='word_1_409' title='bbox 925 1759 1001 1778; x_wconf 88' lang='lat' dir='ltr'>num</span> <span class='ocrx_word' id='word_1_410' title='bbox 1015 1748 1099 1784; x_wconf 85' lang='lat' dir='ltr'>usus,</span> <span class='ocrx_word' id='word_1_411' title='bbox 1117 1748 1226 1778; x_wconf 87' lang='lat' dir='ltr'>eadem</span> <span class='ocrx_word' id='word_1_412' title='bbox 1241 1746 1371 1777; x_wconf 81' lang='lat' dir='ltr'>utilitas.</span> <span class='ocrx_word' id='word_1_413' title='bbox 1392 1745 1522 1776; x_wconf 85' lang='lat' dir='ltr'>Carolus</span> <span class='ocrx_word' id='word_1_414' title='bbox 1544 1746 1607 1776; x_wconf 83' lang='lat' dir='ltr'>Ma-</span> 
     </span>
     <span class='ocr_line' id='line_1_62' title="bbox 925 1784 1608 1827; baseline -0.004 -10"><span class='ocrx_word' id='word_1_415' title='bbox 925 1798 1002 1827; x_wconf 83' lang='lat' dir='ltr'>gnus</span> <span class='ocrx_word' id='word_1_416' title='bbox 1019 1811 1027 1823; x_wconf 96' lang='lat'>,</span> <span class='ocrx_word' id='word_1_417' title='bbox 1049 1788 1121 1818; x_wconf 89' lang='lat' dir='ltr'>teste</span> <span class='ocrx_word' id='word_1_418' title='bbox 1144 1786 1343 1826; x_wconf 85' lang='lat' dir='ltr'>Eginhard0‚</span> <span class='ocrx_word' id='word_1_419' title='bbox 1367 1786 1398 1816; x_wconf 88' lang='lat' dir='ltr'>in</span> <span class='ocrx_word' id='word_1_420' title='bbox 1426 1785 1491 1822; x_wconf 81' lang='lat' dir='ltr'>ejus</span> <span class='ocrx_word' id='word_1_421' title='bbox 1516 1784 1608 1822; x_wconf 66' lang='lat' dir='ltr'>vita,</span> 
     </span>
     <span class='ocr_line' id='line_1_63' title="bbox 925 1824 1606 1866; baseline -0.01 -8"><span class='ocrx_word' id='word_1_422' title='bbox 925 1838 991 1866; x_wconf 86' lang='lat' dir='ltr'>cap.</span> <span class='ocrx_word' id='word_1_423' title='bbox 1004 1839 1044 1864; x_wconf 90' lang='lat'>29</span> <span class='ocrx_word' id='word_1_424' title='bbox 1055 1852 1063 1862; x_wconf 77' lang='lat'>,</span> <span class='ocrx_word' id='word_1_425' title='bbox 1080 1827 1201 1856; x_wconf 84' lang='lat' dir='ltr'>barbara</span> <span class='ocrx_word' id='word_1_426' title='bbox 1214 1826 1243 1855; x_wconf 69' lang='lat'>[7⁴</span> <span class='ocrx_word' id='word_1_427' title='bbox 1256 1825 1435 1865; x_wconf 75' lang='lat' dir='ltr'>antiquiffima</span> <span class='ocrx_word' id='word_1_428' title='bbox 1451 1824 1576 1853; x_wconf 77' lang='lat' dir='ltr'>carmina</span> <span class='ocrx_word' id='word_1_429' title='bbox 1594 1847 1606 1861; x_wconf 76' lang='lat'>‚</span> 
     </span>
     <span class='ocr_line' id='line_1_64' title="bbox 924 1863 1605 1907; baseline -0.004 -11"><span class='ocrx_word' id='word_1_430' title='bbox 924 1867 1020 1903; x_wconf 73' lang='lat' dir='ltr'>quibus</span> <span class='ocrx_word' id='word_1_431' title='bbox 1041 1876 1161 1896; x_wconf 76' lang='lat' dir='ltr'>veterum</span> <span class='ocrx_word' id='word_1_432' title='bbox 1178 1877 1270 1907; x_wconf 79' lang='lat' dir='ltr'>regum</span> <span class='ocrx_word' id='word_1_433' title='bbox 1291 1865 1366 1894; x_wconf 58' lang='lat' dir='ltr'>afflus</span> <span class='ocrx_word' id='word_1_434' title='bbox 1387 1863 1497 1894; x_wconf 69' lang='lat' dir='ltr'>&amp;bella</span> <span class='ocrx_word' id='word_1_435' title='bbox 1516 1873 1605 1893; x_wconf 80' lang='lat' dir='ltr'>sarze-</span> 
     </span>
     <span class='ocr_line' id='line_1_65' title="bbox 923 1903 1568 1946; baseline -0.003 -11"><span class='ocrx_word' id='word_1_436' title='bbox 923 1906 1025 1936; x_wconf 77' lang='lat' dir='ltr'>hantur</span> <span class='ocrx_word' id='word_1_437' title='bbox 1037 1931 1046 1943; x_wconf 87' lang='lat'>‚</span> <span class='ocrx_word' id='word_1_438' title='bbox 1064 1906 1174 1946; x_wconf 74' lang='lat' dir='ltr'>ftripfit</span> <span class='ocrx_word' id='word_1_439' title='bbox 1185 1931 1193 1943; x_wconf 94' lang='lat'>‚</span> <span class='ocrx_word' id='word_1_440' title='bbox 1214 1906 1399 1941; x_wconf 65' lang='lat' dir='ltr'>memoriaeque</span> <span class='ocrx_word' id='word_1_441' title='bbox 1412 1903 1568 1933; x_wconf 75' lang='lat' dir='ltr'>mandavit.</span> 
     </span>
    </p>

    <p class='ocr_par' dir='ltr' id='par_1_8' title="bbox 924 1943 1608 2065">
     <span class='ocr_line' id='line_1_66' title="bbox 964 1943 1608 1987; baseline -0.006 -11"><span class='ocrx_word' id='word_1_442' title='bbox 964 1948 976 1966; x_wconf 79' lang='lat'><strong>⁶</strong></span> <span class='ocrx_word' id='word_1_443' title='bbox 998 1947 1215 1982; x_wconf 64' lang='lat' dir='ltr'>Tmsmmm]</span> <span class='ocrx_word' id='word_1_444' title='bbox 1237 1946 1284 1975; x_wconf 92' lang='lat' dir='ltr'>De</span> <span class='ocrx_word' id='word_1_445' title='bbox 1299 1944 1451 1975; x_wconf 88' lang='lat' dir='ltr'>Tuistone</span> <span class='ocrx_word' id='word_1_446' title='bbox 1478 1943 1608 1987; x_wconf 77' lang='lat' dir='ltr'>ejusque</span> 
     </span>
     <span class='ocr_line' id='line_1_67' title="bbox 924 1983 1606 2017; baseline -0.004 0"><span class='ocrx_word' id='word_1_447' title='bbox 924 1986 992 2017; x_wconf 85' lang='lat' dir='ltr'>filio</span> <span class='ocrx_word' id='word_1_448' title='bbox 1010 1986 1127 2017; x_wconf 85' lang='lat' dir='ltr'>Manno</span> <span class='ocrx_word' id='word_1_449' title='bbox 1144 1986 1217 2016; x_wconf 92' lang='lat' dir='ltr'>vide</span> <span class='ocrx_word' id='word_1_450' title='bbox 1234 1987 1333 2015; x_wconf 83' lang='lat' dir='ltr'>Notas</span> <span class='ocrx_word' id='word_1_451' title='bbox 1348 1986 1382 2015; x_wconf 72' lang='grc' dir='ltr'>ὅ(</span> <span class='ocrx_word' id='word_1_452' title='bbox 1399 1983 1606 2014; x_wconf 78' lang='lat' dir='ltr'>Emendatio·</span> 
     </span>
     <span class='ocr_line' id='line_1_68' title="bbox 924 2027 1150 2065; baseline 0 -9"><span class='ocrx_word' id='word_1_453' title='bbox 924 2037 977 2056; x_wconf 88' lang='lat' dir='ltr'>nes</span> <span class='ocrx_word' id='word_1_454' title='bbox 991 2027 1030 2056; x_wconf 88' lang='lat' dir='ltr'>ad</span> <span class='ocrx_word' id='word_1_455' title='bbox 1042 2036 1107 2065; x_wconf 87' lang='lat' dir='ltr'>cap.</span> <span class='ocrx_word' id='word_1_456' title='bbox 1121 2037 1150 2056; x_wconf 90' lang='lat'>2.</span> 
     </span>
    </p>

    <p class='ocr_par' dir='ltr' id='par_1_9' title="bbox 922 2061 1607 2381">
     <span class='ocr_line' id='line_1_69' title="bbox 964 2061 1606 2102; baseline -0.006 -7"><span class='ocrx_word' id='word_1_457' title='bbox 964 2072 977 2091; x_wconf 87' lang='lat'><em>7</em></span> <span class='ocrx_word' id='word_1_458' title='bbox 999 2068 1137 2102; x_wconf 61' lang='lat' dir='ltr'>Qumam</span> <span class='ocrx_word' id='word_1_459' title='bbox 1167 2074 1274 2095; x_wconf 74' lang='grc' dir='ltr'>ΑυτΕΜ</span> <span class='ocrx_word' id='word_1_460' title='bbox 1294 2067 1306 2097; x_wconf 86' lang='grc'>]</span> <span class='ocrx_word' id='word_1_461' title='bbox 1329 2063 1411 2092; x_wconf 89' lang='lat' dir='ltr'>Duas</span> <span class='ocrx_word' id='word_1_462' title='bbox 1432 2062 1516 2092; x_wconf 80' lang='lat' dir='ltr'>inter</span> <span class='ocrx_word' id='word_1_463' title='bbox 1538 2061 1606 2091; x_wconf 81' lang='lat' dir='ltr'>illas</span> 
     </span>
     <span class='ocr_line' id='line_1_70' title="bbox 923 2101 1607 2141; baseline -0.004 -7"><span class='ocrx_word' id='word_1_464' title='bbox 923 2104 1089 2135; x_wconf 83' lang='lat' dir='ltr'>sententias</span> <span class='ocrx_word' id='word_1_465' title='bbox 1104 2103 1242 2134; x_wconf 85' lang='lat' dir='ltr'>mediam</span> <span class='ocrx_word' id='word_1_466' title='bbox 1256 2102 1403 2141; x_wconf 87' lang='lat' dir='ltr'>protulit,</span> <span class='ocrx_word' id='word_1_467' title='bbox 1419 2102 1452 2133; x_wconf 88' lang='lat'>&amp;</span> <span class='ocrx_word' id='word_1_468' title='bbox 1463 2101 1607 2141; x_wconf 83' lang='lat' dir='ltr'>quinque</span> 
     </span>
     <span class='ocr_line' id='line_1_71' title="bbox 923 2141 1607 2183; baseline -0.006 -9"><span class='ocrx_word' id='word_1_469' title='bbox 923 2144 1064 2181; x_wconf 73' lang='lat' dir='ltr'>gentium</span> <span class='ocrx_word' id='word_1_470' title='bbox 1077 2143 1178 2183; x_wconf 86' lang='lat' dir='ltr'>capita</span> <span class='ocrx_word' id='word_1_471' title='bbox 1194 2142 1332 2173; x_wconf 87' lang='lat' dir='ltr'>recenset</span> <span class='ocrx_word' id='word_1_472' title='bbox 1350 2141 1466 2172; x_wconf 85' lang='lat' dir='ltr'>Plinius</span> <span class='ocrx_word' id='word_1_473' title='bbox 1483 2142 1537 2175; x_wconf 86' lang='lat' dir='ltr'>IV,</span> <span class='ocrx_word' id='word_1_474' title='bbox 1557 2151 1607 2177; x_wconf 67' lang='lat'>140</span> 
     </span>
     <span class='ocr_line' id='line_1_72' title="bbox 924 2180 1602 2223; baseline -0.007 -10"><span class='ocrx_word' id='word_1_475' title='bbox 924 2183 1123 2213; x_wconf 81' lang='lat' dir='ltr'>Germanorum</span> <span class='ocrx_word' id='word_1_476' title='bbox 1132 2191 1237 2223; x_wconf 71' lang='lat' dir='ltr'>generez</span> <span class='ocrx_word' id='word_1_477' title='bbox 1248 2182 1372 2220; x_wconf 79' lang='lat' dir='ltr'>quinque.</span> <span class='ocrx_word' id='word_1_478' title='bbox 1385 2180 1493 2210; x_wconf 79' lang='lat' dir='ltr'>Vindili</span> <span class='ocrx_word' id='word_1_479' title='bbox 1505 2204 1513 2215; x_wconf 86' lang='lat'><strong>‚</strong></span> <span class='ocrx_word' id='word_1_480' title='bbox 1531 2189 1602 2217; x_wconf 69' lang='lat' dir='ltr'>quo-</span> 
     </span>
     <span class='ocr_line' id='line_1_73' title="bbox 924 2219 1604 2260; baseline -0.006 -9"><span class='ocrx_word' id='word_1_481' title='bbox 924 2233 981 2252; x_wconf 86' lang='lat' dir='ltr'>rum</span> <span class='ocrx_word' id='word_1_482' title='bbox 995 2233 1063 2260; x_wconf 77' lang='lat' dir='ltr'>pars</span> <span class='ocrx_word' id='word_1_483' title='bbox 1074 2221 1304 2258; x_wconf 67' lang='lat' dir='ltr'>Burgundiones,</span> <span class='ocrx_word' id='word_1_484' title='bbox 1328 2220 1432 2251; x_wconf 76' lang='lat' dir='ltr'>Varini</span> <span class='ocrx_word' id='word_1_485' title='bbox 1447 2244 1456 2256; x_wconf 83' lang='lat'>‚</span> <span class='ocrx_word' id='word_1_486' title='bbox 1474 2219 1576 2249; x_wconf 79' lang='lat' dir='ltr'>Carini</span> <span class='ocrx_word' id='word_1_487' title='bbox 1592 2241 1604 2255; x_wconf 86' lang='lat'><em>‚</em></span> 
     </span>
     <span class='ocr_line' id='line_1_74' title="bbox 925 2259 1606 2300; baseline -0.007 -9"><span class='ocrx_word' id='word_1_488' title='bbox 925 2261 1072 2292; x_wconf 78' lang='lat' dir='ltr'>Gurtoner.</span> <span class='ocrx_word' id='word_1_489' title='bbox 1098 2262 1222 2291; x_wconf 74' lang='lat' dir='ltr'>Alterum</span> <span class='ocrx_word' id='word_1_490' title='bbox 1254 2269 1321 2290; x_wconf 80' lang='lat' dir='ltr'>enus·</span> <span class='ocrx_word' id='word_1_491' title='bbox 1334 2259 1516 2300; x_wconf 78' lang='lat' dir='ltr'>1ngoevones,</span> <span class='ocrx_word' id='word_1_492' title='bbox 1540 2268 1606 2297; x_wconf 64' lang='lat' dir='ltr'>qim&lt;¹</span> 
     </span>
     <span class='ocr_line' id='line_1_75' title="bbox 927 2298 1605 2338; baseline -0.007 -7"><span class='ocrx_word' id='word_1_493' title='bbox 927 2312 984 2330; x_wconf 75' lang='lat' dir='ltr'>rum</span> <span class='ocrx_word' id='word_1_494' title='bbox 1005 2312 1072 2338; x_wconf 80' lang='lat' dir='ltr'>pars</span> <span class='ocrx_word' id='word_1_495' title='bbox 1087 2301 1194 2331; x_wconf 75' lang='lat' dir='ltr'>Cimbri</span> <span class='ocrx_word' id='word_1_496' title='bbox 1205 2325 1214 2337; x_wconf 92' lang='lat'>‚</span> <span class='ocrx_word' id='word_1_497' title='bbox 1250 2300 1342 2329; x_wconf 78' lang='lat' dir='ltr'>euroni</span> <span class='ocrx_word' id='word_1_498' title='bbox 1357 2324 1366 2337; x_wconf 85' lang='lat'>‚</span> <span class='ocrx_word' id='word_1_499' title='bbox 1384 2309 1417 2328; x_wconf 81' lang='lat' dir='ltr'>ac</span> <span class='ocrx_word' id='word_1_500' title='bbox 1433 2298 1605 2329; x_wconf 77' lang='lat' dir='ltr'>Chaucorum</span> 
     </span>
     <span class='ocr_line' id='line_1_76' title="bbox 922 2338 1604 2381; baseline -0.007 -11"><span class='ocrx_word' id='word_1_501' title='bbox 922 2350 1030 2381; x_wconf 78' lang='lat' dir='ltr'>genter.</span> <span class='ocrx_word' id='word_1_502' title='bbox 1050 2341 1176 2372; x_wconf 74' lang='lat' dir='ltr'>Proximi</span> <span class='ocrx_word' id='word_1_503' title='bbox 1198 2350 1287 2369; x_wconf 74' lang='lat' dir='ltr'>autem</span> <span class='ocrx_word' id='word_1_504' title='bbox 1300 2339 1394 2368; x_wconf 82' lang='lat' dir='ltr'>Rheno</span> <span class='ocrx_word' id='word_1_505' title='bbox 1407 2363 1416 2376; x_wconf 91' lang='lat'>,</span> <span class='ocrx_word' id='word_1_506' title='bbox 1439 2338 1582 2378; x_wconf 72' lang='lat' dir='ltr'>Istaevones</span> <span class='ocrx_word' id='word_1_507' title='bbox 1593 2359 1604 2373; x_wconf 76' lang='lat'><em>‚</em></span> 
     </span>
    </p>
   </div>
   <div class='ocr_carea' id='block_1_7' title="bbox 206 2376 1607 2462">
    <p class='ocr_par' dir='ltr' id='par_1_10' title="bbox 206 2376 1607 2462">
     <span class='ocr_line' id='line_1_77' title="bbox 207 2376 1607 2421; baseline -0.003 -12"><span class='ocrx_word' id='word_1_508' title='bbox 207 2379 502 2421; x_wconf 77' lang='lat' dir='ltr'>Africae,1taliaeque</span> <span class='ocrx_word' id='word_1_509' title='bbox 517 2381 610 2411; x_wconf 82' lang='lat' dir='ltr'>sedes.</span> <span class='ocrx_word' id='word_1_510' title='bbox 622 2383 662 2412; x_wconf 81' lang='lat' dir='ltr'>At</span> <span class='ocrx_word' id='word_1_511' title='bbox 670 2392 772 2420; x_wconf 85' lang='lat' dir='ltr'>neque</span> <span class='ocrx_word' id='word_1_512' title='bbox 786 2381 885 2412; x_wconf 87' lang='lat' dir='ltr'>statim</span> <span class='ocrx_word' id='word_1_513' title='bbox 925 2392 1034 2420; x_wconf 83' lang='lat' dir='ltr'>quorum</span> <span class='ocrx_word' id='word_1_514' title='bbox 1047 2391 1115 2418; x_wconf 80' lang='lat' dir='ltr'>pars</span> <span class='ocrx_word' id='word_1_515' title='bbox 1126 2380 1232 2410; x_wconf 84' lang='lat' dir='ltr'>Cimbri</span> <span class='ocrx_word' id='word_1_516' title='bbox 1247 2378 1451 2409; x_wconf 76' lang='lat' dir='ltr'>mediterranei.</span> <span class='ocrx_word' id='word_1_517' title='bbox 1477 2376 1607 2407; x_wconf 84' lang='lat' dir='ltr'>Hermio-</span> 
     </span>
     <span class='ocr_line' id='line_1_78' title="bbox 206 2415 1606 2462; baseline -0.004 -11"><span class='ocrx_word' id='word_1_518' title='bbox 206 2419 356 2452; x_wconf 80' lang='lat' dir='ltr'>florentes</span> <span class='ocrx_word' id='word_1_519' title='bbox 371 2419 478 2460; x_wconf 81' lang='lat' dir='ltr'>fuere,</span> <span class='ocrx_word' id='word_1_520' title='bbox 505 2420 556 2452; x_wconf 81' lang='lat' dir='ltr'>sed</span> <span class='ocrx_word' id='word_1_521' title='bbox 571 2421 656 2455; x_wconf 74' lang='lat' dir='ltr'>lente</span> <span class='ocrx_word' id='word_1_522' title='bbox 667 2444 678 2461; x_wconf 93' lang='lat'>,</span> <span class='ocrx_word' id='word_1_523' title='bbox 701 2421 885 2461; x_wconf 83' lang='lat' dir='ltr'>vigentibus</span> <span class='ocrx_word' id='word_1_524' title='bbox 925 2431 995 2462; x_wconf 78' lang='lat' dir='ltr'>nes,</span> <span class='ocrx_word' id='word_1_525' title='bbox 1010 2431 1120 2462; x_wconf 78' lang='lat' dir='ltr'>quorum</span> <span class='ocrx_word' id='word_1_526' title='bbox 1138 2420 1224 2452; x_wconf 74' lang='lat' dir='ltr'>Saevi</span> <span class='ocrx_word' id='word_1_527' title='bbox 1235 2444 1246 2459; x_wconf 80' lang='lat'>,</span> <span class='ocrx_word' id='word_1_528' title='bbox 1266 2417 1456 2450; x_wconf 79' lang='lat' dir='ltr'>Hermunduri</span> <span class='ocrx_word' id='word_1_529' title='bbox 1470 2441 1481 2458; x_wconf 81' lang='lat'>‚</span> <span class='ocrx_word' id='word_1_530' title='bbox 1502 2415 1582 2448; x_wconf 76' lang='lat' dir='ltr'>Carti</span> <span class='ocrx_word' id='word_1_531' title='bbox 1592 2437 1606 2453; x_wconf 83' lang='lat'><strong><em>,</em></strong></span> 
     </span>
    </p>
   </div>
  </div>
 </body>
</html>
