1952 2708
645 138 1217 185 GERMANIA.
1557 163 1615 198 37

232 226 349 276 dem,
379 223 469 265 suos
499 231 662 278 penates
697 221 813 274 regit.
852 221 1062 260 Frumenti
1092 222 1258 262 modum
1291 225 1475 269 dominus
1497 255 1510 279 ,
1547 241 1618 271 aut

231 289 388 347 pecoris
405 318 417 338 ‚
446 299 515 328 aut
536 285 677 335 vestis,
705 295 749 324 ut
776 281 929 324 colono
957 288 967 304 ¹
987 312 1001 333 ,
1031 281 1229 337 injungit:
1262 290 1301 325 ὃ(
1327 289 1458 331 servus
1481 292 1616 333 haere-

232 368 305 393 nus
329 364 440 408 paret
465 354 494 390 ².
519 349 665 389 Cetera
689 347 831 388 domus
854 345 991 388 officia
1015 361 1118 388 uxor
1145 362 1191 387 ac
1217 346 1334 388 liberi
1358 355 1366 377 ³
1392 353 1616 407 exsequun-

230 429 306 457 tur.
332 413 552 457 Verberare
576 412 732 452 servum
756 426 802 452 ac
825 408 998 451 vinculis
1022 414 1062 450 ὅ(
1085 425 1206 467 opere
1230 426 1418 454 coercere
1433 443 1445 464 ,
1472 431 1616 461 rarum.

182 491 204 532 5
234 478 437 520 Occidere
459 475 617 527 solent,
645 490 728 516 non
753 471 964 530 disciplina
987 477 1026 514 ὃς
1049 474 1259 515 severitate
1275 504 1286 524 ,
1318 476 1385 517 sed
1405 479 1558 534 impetu
1577 485 1616 521 ὅς

180 535 182 538 ’
231 539 314 592 ira,
343 554 387 582 ut
409 541 644 590 inimicum,
674 538 745 578 nisi
764 537 871 592 quod
895 537 1059 593 impune
1086 542 1116 578 4.
1143 537 1342 579 Libertini
1368 543 1380 570 5
1410 556 1493 582 non
1515 543 1619 583 mul-

232 619 319 647 tum
348 605 462 661 supra
493 603 625 643 servos
659 601 777 652 sunt,
807 602 895 641 raro
925 600 1088 654 aliquod
1117 615 1370 643 momentum
1395 604 1436 643 in
1465 605 1618 659 domo,

233 683 450 722 numquam
474 667 516 706 in
542 667 733 716 civitate,
761 665 940 721 exceptis
969 664 1175 706 dumtaxat
1196 667 1242 706 iis
1270 665 1456 720 gentibus
1478 697 1491 718 ‚
1533 685 1617 723 quae

232 744 449 788 regnantur
463 728 494 772 ⁶.
508 728 571 773 Ibi
588 729 695 772 enim
719 732 759 770 ὃς
779 728 894 786 super
909 729 1109 785 ingenuos
1131 733 1170 771 ὅ(
1192 729 1307 787 super
1331 729 1488 772 nobiles
1517 737 1531 759 ⁷
1559 733 1616 773 asw

234 863 300 884 mus
323 854 435 884 Annal.
466 853 538 885 XIV
559 876 568 890 ‚
591 862 642 891 43.
665 851 837 883 Pedanium
849 852 905 882 Se-
944 850 1092 888 derigant
1108 851 1232 882 venderit
1252 858 1261 890 3
1284 852 1492 893 antingenuum
1511 854 1618 895 dimise-⁷

231 894 369 924 cundum
387 917 396 929 ‚
422 892 474 932 qui
490 893 523 922 in
538 892 600 922 una
616 893 712 923 domo
733 891 857 930 ipsaque
873 891 905 921 in
944 892 981 920 rit
993 915 1002 928 ‚
1016 891 1178 928 &eifuerz't
1194 891 1388 931 adprobatum,
1413 903 1513 924 MAI-B.
1529 904 1615 925 ΤΗεν

232 934 309 964 urbe
322 932 566 972 quadringentos
579 932 682 962 servos
696 931 835 962 haberet.
852 931 906 975 Di-

232 972 297 1002 visa
321 972 403 1002 inter
430 982 483 1002 eos
506 971 672 1001 ministeria
692 994 700 1008 ,
725 979 777 1001 aut
803 979 904 1009 potius

231 1011 473 1042 ministeriorum
492 1010 625 1041 nomina
637 1034 645 1045 ‚
659 1020 725 1049 quae
739 1010 840 1048 paffim
855 1021 906 1041 oc-

232 1059 359 1081 currunt
388 1050 421 1079 in
447 1050 606 1080 veteribus
623 1049 904 1088 Inscriptionibus‚

231 1099 267 1120 ac
283 1089 422 1120 maxime
444 1090 525 1128 apud
551 1089 612 1120 Cll.
627 1088 758 1119 Piranefi
777 1112 785 1125 ‚
802 1089 881 1120 Gori
895 1113 903 1126 ,

230 1129 411 1168 ceterosque
424 1129 477 1168 qui
494 1129 674 1167 sepulcralia
689 1130 904 1158 Romanorum

230 1176 438 1200 monumenta
468 1168 666 1198 illustravere.
689 1169 761 1197 Haec
785 1166 904 1198 familia

230 1209 358 1239 urbana.
380 1207 450 1237 Alia
465 1215 528 1238 erat
553 1207 586 1236 in
607 1206 686 1245 agris
707 1205 826 1236 familia
838 1207 903 1236 rus-

230 1247 292 1278 tica
315 1258 322 1276 :
346 1246 390 1277 ibi
402 1256 486 1277 nova
500 1245 683 1280 ministeria,
696 1255 782 1275 nova
800 1246 903 1275 nomi-

229 1297 292 1324 na;
313 1286 347 1315 in
369 1285 480 1324 quibus
500 1285 565 1322 plus
585 1283 713 1322 quidem
729 1283 874 1315 utilitatis
893 1308 902 1323 ‚

227 1325 397 1364 plurimum
416 1324 516 1354 adhuc
532 1324 632 1354 luxus.

271 1369 279 1383 ¹
305 1366 352 1394 UT
379 1365 525 1400 corono]
549 1363 711 1394 Colonum
724 1362 845 1393 Gallice
858 1363 904 1393 di-

228 1404 327 1435 cimus
337 1427 347 1441 ,
369 1413 403 1432 ιιη
418 1402 548 1433 Fermier.
570 1404 611 1434 At
621 1402 654 1433 in
668 1402 836 1433 Germanici
850 1413 903 1434 co-

228 1445 320 1475 lonus
331 1451 395 1474 erat
406 1442 517 1473 servus.

268 1487 278 1499 ²
302 1484 467 1513 chwnus
503 1493 603 1513 PARET
622 1483 636 1519 ]
674 1481 766 1512 Licet
799 1482 901 1514 servus

226 1522 309 1561 apud
322 1523 496 1553 Germanos
529 1521 612 1552 suam
640 1521 742 1552 sedem
764 1520 876 1552 habeat
891 1545 900 1559 ‚

226 1561 297 1592 suos
312 1570 438 1601 penates
468 1570 553 1600 regat
572 1585 581 1598 ,
611 1569 695 1599 paret
711 1568 817 1591 tamen
839 1562 900 1592 do-

228 1601 317 1632 mino
329 1625 339 1639 ‚
360 1612 417 1632 nec
435 1600 529 1631 habet
544 1601 720 1631 libertatem
734 1611 741 1630 :
756 1599 900 1631 haetenus

227 1640 331 1671 servus
356 1641 405 1671 est.
431 1640 523 1671 Tales
542 1640 627 1671 fuere
650 1639 731 1678 apud
753 1650 811 1670 nos
828 1649 901 1671 ante

225 1688 360 1719 quatuor
379 1680 483 1711 saecula
494 1702 503 1713 ‚
523 1690 601 1720 quos
612 1679 716 1710 servos
729 1703 738 1717 ‚
759 1678 798 1708 les
810 1680 900 1717 Serfs‚

226 1719 417 1750 dicebamus.
436 1719 541 1750 Postea
555 1718 724 1756 Germani,
739 1719 900 1750 Romanos

223 1757 341 1789 imitati
367 1783 376 1796 ‚
402 1759 505 1789 servos
533 1759 669 1790 habuere
692 1781 702 1795 ,
737 1758 900 1790 deterioris

225 1798 422 1828 conditionis
434 1810 443 1836 3
456 1807 530 1828 tunc
546 1809 638 1837 penes
653 1806 707 1828 eos
719 1797 829 1829 mansit
844 1799 901 1829 ser-

225 1846 340 1868 votum
360 1847 492 1868 nomen.
512 1838 599 1868 Servi
616 1838 691 1868 vero
704 1860 712 1873 ‚
731 1846 765 1868 ut
788 1838 830 1868 ita
849 1839 899 1868 di—

226 1886 311 1913 cam,
327 1877 454 1913 coloni‚
472 1877 545 1908 dieti
565 1877 633 1908 sunt
644 1876 727 1906 Lidi.
747 1878 816 1907 Hoc
841 1878 900 1908 ser-

226 1925 339 1946 vorum
357 1916 522 1947 discrimen
535 1924 620 1954 patet
640 1927 678 1946 ex
689 1917 773 1956 Lege
788 1916 899 1955 salica,

225 1955 291 2026 {in
312 1957 410 1986 XXX.
425 1957 460 1989 ὅ(
472 1967 510 1987 ex
528 1957 614 1997 Lege
624 1955 801 1987 Frisronum
813 1980 822 1994 ,
835 1957 899 1988 Tit.

270 2039 278 2059 Ξ
304 2035 399 2064 Uxor<
420 2046 455 2065 ac
468 2036 601 2072 meniu]
625 2037 670 2066 Ac
687 2035 819 2074 proinde
832 2046 899 2066 non

227 2071 413 2111 indigebant
428 2073 587 2104 servorum
602 2074 788 2106 ministeriis.

267 2117 282 2135 4
303 2115 452 2146 Impune]
476 2114 551 2142 Non
585 2112 711 2151 impune
738 2114 901 2144 inimicum

228 2151 435 2187 occidebant,
452 2150 602 2190 fiquidem
617 2151 826 2184 homicidium
847 2164 901 2184 nu-

226 2201 316 2222 mero
340 2201 488 2229 pecorum
523 2191 665 2221 lueretur.
700 2194 794 2222 Suum
825 2196 900 2224 vero

227 2230 351 2261 servum
378 2230 521 2260 occidere
542 2230 668 2269 impune
692 2240 766 2261 erat.
796 2233 855 2262 Sed
880 2232 900 2262 fi

252 2269 297 2300 uis
320 2269 457 2300 alienum
482 2269 601 2300 servum
629 2270 808 2306 occideret,
828 2280 901 2302 tunc

245 2309 415 2339 olvendum
430 2316 494 2339 erat
506 2309 584 2338 servi
602 2309 734 2341 domino
756 2310 899 2348 pretium.

231 2347 307 2377 Inde
323 2347 355 2377 in
365 2349 449 2388 Lege
460 2348 575 2384 Salicfi,
592 2348 656 2378 Tit.
672 2351 725 2379 XI.
747 2349 806 2388 leg.
826 2361 853 2379 2.
875 2351 902 2379 §i

230 2386 292 2426 quis
311 2386 427 2417 alienum
434 2388 545 2428 servum
562 2387 704 2429 furareris
722 2413 733 2429 ‚
757 2398 805 2419 au:
829 2389 902 2421 occi-

947 939 1096 968 TEXACA,
1124 942 1165 961 M.
1180 940 1272 962 cccc.
1288 931 1350 962 den.
1371 933 1415 972 qui
1434 933 1547 970 faciunt
1563 935 1617 974 ssl·

946 979 1039 999 xxxv
1054 994 1062 1006 ‚
1093 970 1223 1001 Gallicae
1252 981 1387 1003 monetae
1408 973 1500 1004 libras
1524 977 1584 1014 458
1607 998 1617 1013 ,

944 1009 1090 1046 culpabilis
1110 1010 1249 1049 judicetur
1271 1035 1279 1048 ‚
1304 1021 1414 1049 excepto
1445 1014 1562 1049 capitale
1586 1014 1616 1044 [ν

943 1048 1080 1081 delatura.
1101 1050 1150 1079 De
1172 1051 1276 1079 ancillci
1302 1054 1364 1081 vert>
1384 1051 1488 1090 solidos
1513 1063 1582 1082 xxx
1606 1078 1616 1091 ,

944 1089 1073 1120 Gallicae
1105 1098 1240 1121 monetae
1265 1090 1356 1121 libras
1383 1101 1452 1129 393.
1476 1093 1619 1133 Capitale

944 1130 1021 1159 vero
1041 1128 1162 1160 Gallice
1185 1129 1319 1167 dicitur,
1339 1131 1363 1160 le
1378 1131 1498 1167 capital,
1517 1134 1541 1160 le
1554 1133 1619 1168 prix

944 1166 976 1196 de
987 1167 1014 1196 la
1026 1166 1107 1206 chose.
1127 1168 1275 1200 Delatura
1287 1193 1296 1205 ‚
1314 1170 1435 1206 lessrais
1454 1169 1597 1210 dejustice.

987 1212 994 1233 5
1019 1208 1213 1246 memm]
1236 1209 1322 1238 Servi
1344 1233 1352 1245 ‚
1374 1208 1395 1238 fi
1413 1211 1620 1242 manumitte-

945 1253 1069 1282 rentur,
1092 1246 1267 1276 libertatem
1287 1248 1536 1287 adipiscebantur
1552 1275 1560 1287 ‚
1584 1252 1619 1283 ὃς

944 1285 1204 1322 nuncupabantur
1226 1286 1339 1317 liberti.
1372 1289 1460 1318 Ordo
1490 1289 1618 1320 illorum

944 1323 1111 1354 hominum
1134 1349 1142 1361 ‚
1177 1325 1397 1356 libertinorum
1428 1327 1588 1359 dicebatur
1607 1354 1618 1367 ‚

944 1373 1009 1394 non
1031 1366 1107 1394 vero
1130 1364 1314 1395 libertorum
1335 1389 1344 1402 ‚
1366 1374 1399 1396 ut
1418 1369 1496 1397 recte
1510 1369 1618 1398 obser-

944 1411 997 1433 vat
1011 1404 1060 1433 Cl.
1071 1403 1218 1434 Ernestus.
1231 1405 1312 1434 Cum
1330 1405 1464 1436 invaluit
1478 1409 1617 1446 pecuniae

944 1443 1028 1480 usu8‚
1045 1443 1123 1473 servl
1143 1444 1444 1476 manumittebantur
1463 1469 1472 1482 ‚
1492 1448 1616 1479 excuss'o

942 1493 979 1512 ex
997 1493 1106 1513 eorum
1126 1493 1219 1513 manu
1237 1495 1341 1514 coram
1359 1495 1447 1523 rege,
1466 1487 1515 1516 vel
1533 1487 1618 1517 civi-

941 1529 1022 1559 tate,
1039 1522 1180 1553 denario.
1198 1524 1287 1554 Unde
1310 1524 1454 1555 homines
1469 1524 1513 1555 isti
1533 1525 1617 1555 dena-

941 1561 1007 1590 riati
1033 1562 1181 1601 appellati
1212 1562 1290 1594 sunt.
1320 1564 1410 1602 Apud
1442 1565 1619 1597 Germanos

941 1611 1006 1632 non
1025 1602 1160 1631 multum
1181 1601 1268 1640 supra
1288 1603 1391 1634 servos
1411 1612 1498 1634 crant
1517 1616 1526 1642 ;
1547 1608 1580 1636 ὃς
1595 1606 1617 1636 fi

940 1640 1003 1670 fine
1023 1641 1127 1671 liberis
1140 1651 1222 1671 mors
1240 1642 1282 1672 eis
1297 1643 1489 1681 obvenisset,
1506 1655 1617 1675 eorum

940 1679 1093 1711 hereditas
1113 1681 1151 1711 ad
1168 1680 1274 1711 fiscum
1290 1682 1485 1720 pertinebat,
1507 1692 1541 1714 ut
1553 1685 1616 1715 do-

941 1727 990 1750 cet
1004 1721 1071 1750 Lex
1083 1720 1302 1759 Ripuariorum
1313 1746 1321 1758 ,
1333 1722 1397 1753 Tit.
1409 1724 1505 1753 LVll.
1519 1724 1616 1763 leg-4·

940 1759 968 1788 si
997 1769 1087 1789 aurem
1115 1759 1189 1789 homo
1219 1759 1382 1790 denariam
1407 1761 1500 1800 ahstyue
1522 1762 1616 1792 liberis·

940 1798 1080 1839 discesserit
1099 1823 1108 1836 ‚
1144 1810 1197 1828 non
1218 1800 1301 1830 alium
1321 1801 1372 1841 rufi
1387 1801 1485 1840 fiscum
1500 1802 1615 1842 nostrum

940 1838 1061 1868 heredem
1080 1838 1225 1879 relinquar.

979 1879 991 1897 ⁶
1015 1882 1091 1916 Qui-fi
1118 1884 1334 1914 Rssounurun]
1366 1882 1455 1919 Apud
1481 1882 1615 1914 Germa„

940 1927 1054 1948 norum
1074 1927 1181 1957 gentes
1196 1943 1204 1955 ‚
1227 1931 1293 1959 qua:
1314 1922 1541 1959 regnabantur,
1563 1922 1618 1951 vi·-

941 1957 990 1987 tiis
1012 1969 1117 1997 regum
1129 1959 1336 1990 abutebantur
1351 1960 1455 1990 liberti
1470 1984 1478 1996 ‚
1506 1969 1538 1991 ut
1558 1961 1615 1991 fibi

942 1998 1115 2034 potentiam
1142 1998 1298 2029 struerent.
1322 1999 1391 2036 Qud
1413 2000 1540 2035 structa,
1565 2001 1615 2030 su-

942 2047 993 2074 per
1013 2037 1165 2077 ingenuos
1197 2038 1231 2068 &
1262 2037 1348 2076 super
1365 2039 1488 2069 nobiles
1506 2040 1616 2070 ascen-

941 2076 1067 2106 debant.
1089 2079 1216 2114 Quanto
1229 2077 1312 2107 enim
1324 2077 1470 2108 humilius
1483 2078 1541 2109 fuit
1553 2079 1615 2110 hoc

940 2114 1106 2146 hominum
1133 2127 1247 2155 genus,
1270 2118 1358 2147 tanto
1383 2117 1423 2147 est
1447 2117 1616 2155 superbius¹

939 2155 1087 2185 Eamdem
1101 2180 1109 2191 ‚
1126 2164 1177 2186 aut
1189 2155 1293 2194 potius
1305 2179 1314 2191 ‚
1337 2157 1378 2187 ob
1405 2157 1526 2195 imperii
1545 2168 1615 2188 ma·-

939 2194 1134 2231 gnitudinem
1150 2219 1158 2231 ‚
1177 2195 1357 2225 immensam
1374 2196 1559 2227 libertorum
1578 2198 1614 2226 li-

940 2233 1082 2264 bidinem
1106 2234 1160 2263 sub
1180 2235 1420 2272 Imperatoribus
1449 2236 1583 2266 Claudio
1602 2259 1613 2272 ‚

942 2273 1070 2303 Nerone
1092 2297 1100 2308 ‚
1120 2274 1221 2304 Galba
1244 2273 1389 2304 vidimus.
1421 2275 1500 2305 Vide
1516 2278 1547 2306 ὃς
1562 2276 1613 2304 el,

942 2312 979 2342 de
989 2312 1209 2351 Montesquieu
1222 2336 1232 2351 ‚
1251 2311 1342 2352 Esprit
1357 2313 1403 2343 des
1413 2314 1486 2344 Loix
1499 2339 1509 2352 ‚
1532 2316 1588 2345 XV
1601 2337 1612 2352 ,

946 2362 991 2388 19.

979 2396 990 2417 7
1014 2392 1169 2424 Ixcnnuos
1190 2404 1227 2424 ετ
1251 2403 1346 2425 suem
1370 2393 1526 2432 Νοειιεε]
1554 2393 1612 2424 Hic
