1952 2708
638 142 688 181 C.
753 139 1103 182 CONELII
1166 136 1456 181 TACITI

351 230 398 267 rb
421 224 519 265 felix
533 251 546 274 ‚
574 221 768 277 Agricola
782 251 795 273 ,
822 237 905 263 non
923 223 1012 262 vitae
1034 224 1188 263 tantum
1208 221 1415 272 claritate,
1443 220 1510 262 sed
1530 216 1648 262 etiam
1670 234 1743 276 op-

353 289 599 345 portunitate
625 287 781 326 mortis:
812 300 856 326 ut
878 284 1114 341 perhibent,
1142 286 1209 339 qui
1232 286 1498 326 interfuerunt
1521 285 1738 325 novissimis

351 350 600 391 sermonibus
621 351 719 399 tuis,
740 350 921 389 constans
942 353 983 388 ἃ
1003 347 1130 388 libens
1153 348 1279 388 fatum
1301 349 1512 403 excepisti,
1534 360 1739 401 tamquam

352 429 425 470 pro
451 412 557 454 virili
583 414 770 469 portione
790 412 1066 452 innocentiam
1093 412 1270 466 Principi
1297 410 1465 450 donares
1489 416 1516 450 ¹.
1536 411 1617 450 Sed
1639 411 1739 449 mihi

352 476 547 531 filiaeque,
577 489 714 531 praeter
749 474 1007 516 acerbitatem
1043 474 1215 529 parentis
1252 474 1411 528 erepti,
1449 486 1568 526 auget
1600 473 1739 512 maesti-

351 541 475 591 tiam,
508 539 615 594 quod
644 539 815 580 adsidere
847 536 1096 586 valetudini,
1127 536 1265 576 fovere
1295 536 1580 585 deficientem,
1610 535 1741 576 satiari

352 602 496 654 vultu,
522 601 764 659 complexu,
793 616 875 641 non
897 601 1091 654 contigit:
1116 599 1402 655 excepissemus
1425 598 1534 638 certe
1555 598 1742 639 mandata

352 667 580 720 vocesque,
608 680 703 719 quas
725 665 882 720 penitus
916 664 1050 703 animo
1079 663 1305 717 figeremus.
1331 663 1478 703 Noster
1503 662 1570 702 hic
1594 660 1742 712 dolor,

338 731 529 771 ‘nostrum
553 727 721 769 vulnus:
752 726 868 767 nobis
890 740 970 767 tam
1007 725 1137 780 longae
1161 724 1343 766 absentiae
1377 725 1612 766 conditione
1648 738 1741 765 ante

352 793 658 848 quadriennium
686 795 700 812 ²
727 791 882 831 amissus
903 804 956 830 es.
981 790 1132 830 Omnia
1151 789 1230 830 sine
1251 788 1374 829 dubio
1388 818 1400 839 ,
1430 789 1582 844 optime
1602 803 1742 844 paren—

351 870 467 907 tum,
497 855 695 897 adsidente
727 850 986 894 amantissima
1022 867 1175 902 uxore,
1209 851 1436 908 superfuere
1461 852 1605 892 honori
1641 864 1742 891 tuo:

352 918 607 976 paucioribus
627 931 761 959 tamen
786 916 990 958 lacrimis³
1015 915 1258 972 compositus
1287 929 1327 955 es
1343 945 1357 967 ‚
1387 918 1427 956 &
1461 911 1668 957 noviffirna
1699 914 1742 955 in

351 981 444 1024 luce
470 982 736 1023 desideravere
763 979 914 1034 aliquid
941 978 1053 1021 oculi
1079 980 1151 1019 tui.

416 1046 588 1086 XLVI.
621 1047 671 1086 S1
699 1046 785 1099 quis
811 1045 969 1099 piorum
991 1042 1173 1083 manibus
1193 1040 1330 1089 locus;
1352 1042 1405 1092 fi,
1432 1055 1476 1082 ut
1500 1039 1743 1097 sapientibus

354 1107 489 1165 placet
508 1113 551 1159 4,
574 1124 655 1149 non
680 1122 772 1148 cum
794 1121 964 1162 corpore
987 1107 1290 1159 exstinguuntur
1310 1120 1461 1159 magna:
1482 1107 1639 1145 animae:
1663 1102 1744 1160 pla-

354 1171 445 1212 cide
461 1172 638 1225 quiescas
652 1200 665 1220 ‚
682 1169 833 1224 nosque
847 1199 860 1220 ,
874 1169 1040 1210 domum
1061 1182 1169 1208 tuam
1184 1197 1198 1217 ,
1223 1167 1270 1208 ab
1288 1169 1448 1208 infirmo
1465 1167 1657 1208 desiderio
1670 1197 1683 1217 ,
1702 1171 1744 1208 ὅ(

352 1233 615 1274 muliebribus
636 1232 822 1274 lamentis
838 1263 850 1282 ‚
878 1232 927 1272 ad
951 1230 1340 1286 contemplationem
1367 1231 1561 1271 virtutum
1586 1244 1744 1271 tuarum

354 1313 478 1339 voces
494 1327 506 1347 ,
535 1312 630 1351 quas
654 1311 783 1350 neque
806 1295 961 1349 lugeri,
987 1309 1114 1348 neque
1138 1292 1275 1349 plangi
1296 1294 1352 1334 fas
1380 1295 1454 1333 est:
1481 1294 1746 1334 admiratione

353 1374 395 1402 te
417 1361 548 1417 potius
562 1390 576 1412 ,
605 1357 894 1416 temporalibus
918 1357 1101 1399 laudibus
1124 1362 1165 1409 5,
1183 1361 1223 1398 ὅ(
1239 1386 1253 1408 ,
1282 1357 1309 1397 fi
1327 1370 1465 1398 natura
1488 1356 1744 1413 suppeditet,

362 162 442 188 112

1068 1481 1214 1517 accessio,
1239 1483 1267 1510 in
1294 1481 1408 1519 antiqua
1436 1481 1566 1510 elementa
1587 1478 1747 1510 vertendae

352 1484 429 1513 diam
445 1483 599 1523 effuderint.
619 1482 700 1512 Sulla
717 1491 782 1512 runc
800 1491 860 1512 erar
876 1481 1030 1522 violentiffi-

1069 1521 1146 1551 sunt.
1169 1521 1249 1552 Vide
1275 1522 1442 1557 Senecam,
1467 1519 1572 1558 Consol.
1599 1518 1634 1547 ad
1658 1518 1748 1547 Mar-

353 1534 414 1553 mus
425 1547 434 1559 ‚
455 1524 513 1552 crim
522 1523 627 1559 faciem
640 1524 698 1561 ejus
708 1523 828 1562 fiznguis
842 1523 989 1561 invasterar.

395 1569 403 1582 ¹
429 1564 648 1593 Inuocrwmm
675 1564 814 1593 PRfflcffr
845 1572 988 1593 DONARES
1014 1563 1027 1599 ]

354 1603 529 1641 Tamquam
544 1613 599 1641 pro
614 1601 700 1631 virili
715 1602 862 1640 portione
875 1600 1031 1632 Domitia-

354 1653 430 1672 num
457 1641 651 1677 absolveres,
676 1650 770 1680 teque
800 1640 971 1671 constantia
997 1642 1030 1670 δε

354 1680 513 1711 alacritate
528 1681 580 1712 tua
596 1691 662 1711 non
678 1680 885 1719 interceptum
903 1690 1030 1711 veneno

352 1721 511 1760 probares.

394 1765 407 1779 ²
437 1761 523 1790 ANTE
555 1770 801 1794 QUADRIENNIUM
830 1760 844 1796 ]
878 1760 1031 1796 Quartum

353 1799 416 1838 jam
429 1809 545 1829 annum
557 1798 657 1829 Roma
670 1799 798 1828 aberant
809 1798 935 1828 Tacitus
952 1799 1031 1835 ejus-

353 1849 415 1878 que
432 1849 523 1869 uxor.
541 1839 591 1868 Ob
611 1837 699 1875 hujus
715 1837 859 1868 absentiae
879 1837 981 1867 casum
995 1838 1031 1867 iis

353 1877 691 1948 }¹³5{.quadsie1miffl¹¹
715 1876 833 1916 periisse
853 1877 1032 1916 Agricolam

369 1929 411 1947 cri
437 1925 470 1947 lt.

394 1962 403 1982 3
437 1958 651 1987 PAucroRuzus
685 1966 792 1986 TAMEN
826 1965 981 1986 LACRIMIS
1017 1956 1031 1992 ]

354 1996 483 2034 Egregie
501 1996 615 2025 dietum
627 2019 636 2033 ‚
655 2004 689 2025 ut
704 2003 806 2025 cetera
819 1994 972 2034 Agricolae
989 1994 1034 2024 su-

353 2044 458 2073 prema
477 2035 614 2066 maximo
633 2034 718 2065 sensu
734 2043 866 2064 narrata.

395 2079 410 2097 4
431 2076 477 2103 UT
498 2085 695 2105 siavirnrrssus
718 2085 838 2104 PLAcr-:r
855 2076 868 2111 ]
888 2072 1031 2112 Epicurei

354 2113 474 2144 animas
490 2124 560 2143 cum
573 2124 705 2152 corpore
721 2113 871 2152 exstingui
887 2113 1031 2143 docuere.

354 2152 505 2182 Socratici
531 2153 564 2183 δί
594 2152 747 2183 Platonici
767 2163 815 2182 eas
840 2152 1031 2182 immortales

354 2191 413 2222 effe
428 2191 677 2230 pronuntiarunt.
702 2193 785 2221 Inter
801 2191 947 2230 utrosque
962 2201 1030 2220 me-

355 2230 439 2260 diam
455 2229 539 2259 viam
550 2230 670 2269 ingreffi
684 2230 803 2266 Stoici,
820 2240 944 2268 magnas
963 2229 1032 2268 qui—

356 2270 429 2299 dem
451 2268 567 2299 animas
588 2270 694 2300 felices
709 2270 843 2306 futuras,
864 2270 898 2300 &
920 2277 1031 2300 aeterna

354 2308 512 2339 sortituras
538 2308 699 2347 scripsere:
730 2320 797 2348 quae
825 2317 948 2345 tamen,
972 2310 1030 2336 cam

354 2347 419 2377 Deo
432 2347 513 2386 vistim
524 2347 575 2376 erit
591 2348 686 2376 iterum
698 2347 746 2386 ista
760 2347 865 2384 moliri,
878 2347 1031 2376 labentibus

354 2386 479 2426 camelis,
500 2387 534 2419 8<
552 2387 638 2427 ipsae,
661 2397 754 2427 parva
775 2387 871 2418 ruinae
893 2386 1029 2427 ingentis

1069 1562 1138 1590 ciam
1149 1584 1157 1597 ‚
1174 1571 1239 1600 cap.
1256 1560 1312 1590 ult.
1322 1560 1433 1590 Melius
1451 1559 1614 1598 veritisque
1627 1559 1747 1589 Macro-

1068 1600 1136 1630 bius
1155 1622 1163 1635 ‚
1191 1600 1224 1630 in
1248 1599 1414 1630 Somnium
1440 1598 1596 1637 Scipionis
1624 1599 1635 1626 1
1654 1621 1663 1634 ‚
1700 1608 1749 1635 ¹4·

1072 1639 1199 1669 Obtinuit
1217 1649 1270 1667 non
1289 1640 1380 1667 mimis
1397 1638 1429 1667 de
1444 1637 1667 1674 incorporalitate
1684 1637 1747 1665 ani-

1069 1690 1131 1715 moe,
1142 1680 1218 1718 quaim
1234 1677 1266 1707 de
1281 1678 1487 1707 immortalitate
1495 1677 1651 1716 fintenum
1666 1686 1748 1706 eam-

1070 1730 1130 1758 que
1163 1718 1327 1748 nationum
1351 1718 1494 1748 omnium
1521 1715 1670 1746 consensu
1691 1715 1747 1745 ad-

1071 1759 1155 1788 itruit
1166 1757 1288 1788 Tullius
1303 1757 1373 1787 libr.
1387 1759 1412 1787 1.
1426 1755 1592 1787 Tusculan.
1606 1754 1750 1794 quaestio-

1072 1808 1158 1828 num.

1113 1843 1121 1863 5
1145 1838 1391 1867 Temponumus
1414 1844 1568 1866 LAUDIBUS
1591 1836 1604 1871 ]
1634 1835 1669 1862 In
1691 1832 1749 1864 hac

1071 1876 1222 1915 Agricolae
1240 1876 1303 1906 vita
1314 1899 1322 1911 ,
1338 1876 1418 1906 nihil
1434 1876 1472 1905 ad
1483 1874 1638 1913 poeticam
1653 1883 1748 1911 pom-

1072 1926 1141 1954 pam
1163 1915 1371 1953 compositum
1381 1939 1389 1952 ‚
1404 1915 1510 1945 omnia
1523 1914 1561 1943 ad
1574 1912 1749 1951 lugentium

1072 1954 1252 1985 modestiam
1272 1958 1385 1984 exaffla.
1405 1954 1481 1983 Inde
1500 1963 1567 1983 non
1586 1951 1749 1982 immorta-

1073 1994 1132 2030 les,
1154 1994 1204 2024 sed
1235 1995 1419 2032 temporales
1439 1995 1560 2023 tantum
1579 1992 1612 2021 ὃ(
1629 1990 1749 2029 peritu-

1072 2044 1115 2064 ras
1132 2034 1238 2063 laudes
1251 2033 1408 2072 promittit
1425 2031 1562 2062 Tacitus.
1579 2031 1646 2060 Nec
1658 2030 1747 2060 aliter

1072 2073 1211 2112 egregius
1245 2073 1368 2103 virtutis
1400 2072 1542 2101 laudator
1573 2070 1606 2100 δε
1642 2071 1750 2099 aanor

1071 2112 1251 2142 Fredericus
1264 2113 1306 2141 ΙΙΙ
1318 2134 1326 2146 ,
1345 2114 1415 2141 clim
1430 2110 1598 2141 Henricum
1611 2131 1619 2144 ,
1634 2107 1748 2138 Prusfiae

1071 2151 1247 2189 Principem
1259 2175 1268 2187 ,
1287 2152 1444 2184 laudaret,
1466 2147 1600 2187 scripsit:
1623 2146 1648 2175 Ο
1665 2146 1748 2175 Prin-

1071 2201 1116 2227 ce,
1139 2192 1183 2229 qui
1197 2191 1293 2229 sawieq
1313 2189 1429 2218 comhien
1447 2197 1513 2217 vous
1537 2186 1640 2225 m‘dtieq
1661 2185 1724 2214 cher
1737 2209 1748 2223 ‚

1071 2230 1188 2259 combien
1209 2237 1283 2258 votre
1309 2228 1438 2266 perfimne
1457 2226 1559 2255 m'e'toit
1577 2224 1710 2263 pre'cieuse
1733 2235 1747 2259 ,-

1060 2269 1089 2308 fi
1103 2269 1130 2298 la
1148 2268 1212 2298 voix
1233 2267 1280 2296 des
1293 2267 1406 2297 vivants
1414 2265 1602 2304 peurssfizire
1619 2263 1750 2293 ementire

1069 2308 1117 2336 cies
1130 2315 1214 2336 morti·
1226 2330 1235 2343 ‚
1254 2306 1347 2345 pre‘rez
1361 2305 1495 2335 attention
1512 2306 1527 2333 ci
1548 2315 1599 2333 une
1622 2304 1686 2333 voix
1705 2303 1750 2342 qui

1069 2357 1104 2375 ne
1117 2345 1294 2383 z'oussurpas
1307 2346 1442 2376 inconnue
1453 2342 1585 2383 :Jbuffrez
1597 2353 1644 2382 que
1655 2342 1750 2379 cefra-

1065 2385 1125 2426 gile
1138 2394 1295 2416 monument
1307 2409 1318 2425 ‚
1339 2384 1447 2425 leftul,
1469 2383 1544 2413 helas
1558 2387 1569 2412 !
1592 2393 1639 2422 que
1647 2383 1676 2421 je
1686 2382 1751 2419 puis

1479 2443 1753 2497 fimilitudisze

1772 799 1824 827 10
