1952 2708
606 147 1173 208 GERMANIA.

1536 181 1592 221 59

204 243 459 305 ceptionibus
481 249 492 266 ¹
509 273 523 295 ,
545 257 628 285 non
647 243 829 299 precario
847 240 933 294 jure
957 244 1142 298 parendi:
1166 259 1241 286 nec
1263 262 1370 290 arma
1384 277 1396 298 ,
1414 262 1459 290 ut
1484 250 1590 307 apud

203 324 358 354 ceteros
377 310 602 351 Germanos
616 337 629 358 ,
650 308 691 347 in
712 306 944 364 promiscuo
959 335 971 356 ,
997 306 1064 347 sed
1088 305 1221 347 clausa
1242 309 1313 348 sub
1335 313 1496 354 custode
1511 344 1524 365 ,
1547 317 1590 355 ὃ(

202 373 364 429 quidem
387 373 502 414 servo
516 377 530 393 ²
546 372 661 426 :quia
683 370 834 412 subitos
857 371 1030 411 hostium
1047 370 1226 412 incursus
1251 372 1439 427 prohibet
1456 378 1590 418 Ocea-

202 453 288 479 nus.
309 436 460 479 Otiosae
485 451 605 493 porro
625 448 867 476 armatorum

894 449 1034 476 manus
1059 433 1181 476 facile
1201 433 1439 476 lasciviunt:
1467 442 1590 479 enim-

151 508 175 550 5
202 504 298 544 vero
320 516 450 556 neque
469 499 672 550 nobilem,
691 514 818 553 neque
838 499 1081 554 ingenuum,
1104 513 1155 539 ne
1176 497 1409 540 libertinum
1429 501 1592 555 quidem

200 566 318 606 armis
339 579 567 622 praeponere
598 565 709 618 regia
733 562 884 604 utilitas
920 563 986 603 est.

265 629 412 671 XLV.
446 629 612 670 TRANS
644 629 816 668 Suionas
844 625 953 667 aliud
985 641 1092 667 mare
1120 631 1132 654 ³
1179 626 1367 682 pigrum,
1392 641 1439 667 ac
1465 629 1590 684 prope

201 692 445 743 immotum,
476 700 556 747 quo
580 692 691 746 cingi
716 690 905 744 cludique
928 704 1121 731 terrarum
1146 689 1286 731 orbem
1312 691 1408 730 hinc
1430 690 1527 730 fides
1551 697 1592 732 4:

204 757 314 810 quod
342 769 543 797 extremus
576 756 754 797 cadentis
790 753 870 807 jam

904 753 1010 795 Solis
1036 752 1172 808 fulgor
1196 755 1237 794 in
1273 766 1383 794 ortus
1413 753 1552 794 edurat
1577 783 1592 805 ,

126 827 178 854 10
204 820 305 860 adeo
333 819 489 870 clarus,
519 833 562 860 ut
588 819 709 860 sidera
733 818 907 859 hebetet.
939 819 1097 859 Sonum
1119 818 1279 874 insuper
1307 818 1548 872 emergentis
1577 821 1590 848 5

205 883 333 924 audiri
359 882 376 904 ⁶
394 914 408 934 ‚
437 883 663 937 formasque
688 883 854 923 deorum
882 887 896 908 ⁷
914 912 926 932 ,
957 885 997 922 ὃς
1030 882 1160 922 radios
1183 882 1326 937 capitis
1351 881 1475 937 aspici
1499 896 1592 936 per-

200 946 325 988 suasio
352 946 504 1000 adjicit.
536 945 642 987 Illuc
675 946 798 1000 usque
824 950 835 997 (
865 949 905 986 &
932 945 1037 986 fama
1062 950 1187 997 vera)
1215 949 1371 985 tantum
1396 958 1535 986 natura
1582 976 1592 986 .

205 1076 296 1096 eorum
316 1067 389 1098 Thur
415 1069 444 1098 in
465 1068 550 1097 medio
569 1067 655 1106 sblum
671 1067 771 1097 lrabeat
784 1066 876 1096 tricli—

205 1107 279 1136 nium
296 1122 304 1136 .·
321 1108 384 1137 lzinc
398 1108 428 1137 Εν
441 1107 503 1137 inde
522 1108 607 1137 locum
625 1108 751 1147 pnffident
762 1106 876 1137 [Vodan

205 1149 236 1178 ὓ
251 1148 358 1178 Fricco.
379 1149 403 1178 E
416 1148 575 1179 ruderibus
600 1148 724 1178 urbium
745 1146 877 1176 Sinonae

202 1189 238 1220 &
251 1189 346 1219 Bircae
360 1188 529 1218 exsurrexit
545 1188 614 1216 urbs
626 1187 713 1226 regni
725 1186 875 1224 princeps,

205 1228 346 1258 Sroclcnlm.
367 1227 486 1258 Nobile
499 1236 601 1256 autern
620 1226 797 1263 exemplum
808 1248 816 1260 ‚
832 1225 877 1254 ibi

207 1268 325 1306 semper
334 1267 418 1297 fuisse
428 1266 568 1304 opes,ubi
577 1266 677 1302 viguit
687 1265 811 1294 nautica
820 1274 876 1294 res.

249 1313 257 1326 ¹
283 1309 530 1337 Excrrrioufflus
555 1306 569 1342 ]
597 1304 644 1334 Ibi
666 1304 803 1342 suprema
830 1314 878 1333 re-

206 1357 277 1386 gum
291 1346 420 1385 potestas
439 1357 447 1373 :
475 1345 566 1375 nullae
587 1344 689 1383 legum
703 1367 712 1377 ,
729 1344 820 1374 nullae
836 1343 877 1372 li-

205 1387 333 1416 bertatis
349 1384 560 1424 exceptiones.
579 1384 667 1414 Unde
689 1384 738 1413 Cl.
750 1385 876 1422 Spener,

204 1426 316 1456 Nomia
341 1425 499 1454 Germanice
524 1424 662 1462 antiquae‚
689 1426 715 1454 V
730 1447 739 1457 ,
760 1434 791 1461 7.
809 1433 877 1462 pag.

206 1476 284 1504 177,
307 1467 387 1496 rec'te
409 1464 562 1495 existimat
589 1464 670 1502 apud
684 1463 816 1493 Suionas
832 1473 878 1491 re-

201 1515 288 1545 gnum
305 1505 385 1544 finste
404 1505 466 1542 jure
492 1502 656 1532 hereditario
671 1527 679 1539 ‚
707 1513 775 1532 non
801 1503 878 1533 vero

205 1545 311 1574 datum
326 1544 435 1583 populi
447 1544 611 1574 elefflone.
624 1542 879 1580 Nizmjusparendi

202 1583 357 1621 precarium
372 1584 420 1613 vix
432 1584 597 1622 nvnftmper
610 1583 684 1622 regis
696 1582 810 1621 sequitur
824 1582 880 1612 ele-

203 1623 326 1653 «Sionem.

244 1668 257 1682 ²
280 1664 413 1700 Srnvo]
435 1662 483 1692 lbi
500 1661 583 1692 enim
599 1660 676 1691 servi
694 1661 878 1699 suprainge-

205 1713 285 1733 nuos
296 1726 304 1737 ,
319 1702 406 1740 supra
418 1701 541 1732 nobiles
558 1700 776 1731 ascendebant.
797 1700 877 1731 Vide

206 1742 292 1780 supr'a
313 1751 378 1780 cap.
393 1750 442 1775 25.

246 1787 256 1807 3
280 1784 383 1812 Armi>
411 1791 500 1810 MARE
519 1782 532 1818 ]
561 1779 657 1818 Quod
677 1779 774 1818 vulgo
796 1778 877 1809 dici-

206 1830 272 1851 mus
291 1821 316 1849 la
334 1831 389 1849 mer
408 1819 546 1849 Glaciale.
562 1821 671 1850 Praeter
684 1820 778 1858 quam
793 1819 878 1858 quod

205 1860 343 1890 Borealis
371 1869 437 1899 pars
462 1859 602 1898 sinusque
620 1859 711 1889 maris
732 1858 877 1895 Suevici‚

207 1898 235 1927 la
247 1901 336 1936 partie
352 1898 566 1935 septentrionale
581 1898 614 1927 de
635 1899 664 1927 la
684 1908 740 1927 mer
752 1898 879 1936 Baltique

208 1937 239 1967 C>-
262 1938 301 1968 Ies
320 1937 413 1976 Golfhs
439 1938 470 1968 de
488 1937 624 1968 Finlande
648 1938 677 1967 Cr
691 1937 723 1967 de
737 1937 854 1966 Borhnie
867 1960 877 1974 ,

208 1978 377 2017 quotannis
394 1978 510 2018 frigore
522 1979 555 2009 &
569 1978 667 2017 glacie
681 1978 724 2008 ita
735 1977 856 2016 rigeant
869 1999 877 2012 ‚

209 2027 244 2048 ut
263 2017 325 2048 fine
349 2018 491 2048 maximis
517 2017 748 2049 difficultatibus
773 2041 782 2054 ‚
805 2017 878 2047 teste

211 2057 333 2087 erudito
345 2057 694 2093 Rudbeckio‚Arlanrica
705 2080 713 2093 ,
727 2068 795 2096 pag.
811 2067 878 2094 323,

210 2096 342 2126 navibus
364 2096 443 2126 adiri
461 2107 527 2127 non
549 2097 676 2135 possint3
690 2096 878 2131 Suionibus,

209 2135 264 2175 qui
291 2136 428 2166 claffibus
460 2136 609 2166 valebant
631 2158 640 2171 ,
685 2143 878 2174 compertum

210 2185 337 2215 quoque
349 2175 410 2205 fuit
422 2185 506 2205 mare
519 2176 648 2214 glaciale
661 2198 669 2209 ‚
682 2176 770 2214 quod
781 2198 789 2211 ‚
801 2174 881 2204 ultra

211 2215 337 2255 gradum
355 2218 388 2245 8¹
409 2238 417 2248 ‚
441 2216 538 2245 aestate
564 2215 614 2244 vel
636 2214 759 2247 hieme,
782 2214 881 2244 nullas

210 2265 305 2285 naves
324 2254 471 2284 admittit.
496 2254 576 2285 Vide
588 2255 733 2284 eumdem
743 2254 883 2284 Rudbec-

211 2293 300 2324 kium
312 2317 321 2329 ‚
336 2295 397 2324 loc.
415 2295 466 2324 cit.
483 2304 550 2334 pag.
568 2304 635 2333 359.

1563 941 1577 966 8

915 1066 1019 1106 fulgor
1032 1066 1125 1106 usque
1138 1065 1170 1096 in
1180 1073 1283 1102 ortus,
1292 1064 1342 1095 vel
1352 1064 1384 1094 in
1393 1072 1507 1101 ortum,
1517 1065 1593 1096 edu-

915 1115 977 1141 rat,
993 1116 1058 1136 non
1074 1105 1216 1145 quodibi
1234 1104 1269 1135 sit
1283 1114 1397 1134 naturae
1415 1106 1566 1136 terminus
1580 1128 1590 1141 ‚

915 1146 966 1175 sed
992 1146 1077 1183 quod
1101 1153 1188 1174 terrae
1219 1144 1264 1174 ibi
1304 1145 1530 1182 protendantur
1552 1146 1592 1176 ad

915 1184 1042 1224 gradum
1065 1194 1102 1219 72
1114 1207 1122 1219 ‚
1143 1195 1178 1214 ac
1190 1183 1323 1222 proinde
1346 1184 1426 1214 ultra
1441 1184 1592 1215 circulum

915 1225 1054 1262 polarem
1068 1224 1223 1254 Arelicurn
1236 1247 1243 1259 ,
1266 1223 1319 1252 sub
1333 1233 1396 1262 quo
1412 1247 1420 1259 ,
1432 1223 1465 1252 vi
1476 1224 1592 1255 Solaris

915 1263 1017 1292 cursus
1030 1286 1039 1298 ,
1062 1262 1176 1299 viginti
1195 1270 1330 1301 quatuor
1350 1263 1439 1292 horas
1452 1263 1593 1294 lucescit.

916 1303 980 1332 Hac
997 1303 1035 1332 dc
1049 1312 1081 1332 re
1100 1301 1122 1330 fi
1144 1303 1230 1340 plura
1245 1301 1383 1331 volueris
1401 1324 1409 1337 ,
1433 1302 1506 1332 vide
1523 1314 1593 1334 eru-

916 1342 1015 1371 ditum
1030 1341 1217 1378 Vnenimu,
1233 1340 1410 1380 Geograplzia
1427 1343 1569 1380 generalis
1582 1365 1591 1380 ,

916 1383 969 1417 11,
1005 1392 1021 1410 2
1047 1403 1054 1410 .

956 1426 963 1447 5
989 1391 1221 1456 Eiiencruris]
1244 1419 1357 1450 Mentis
1382 1419 1594 1458 immergenrfr,

916 1460 1007 1498 velse
1019 1461 1179 1499 mergentis.
1197 1459 1277 1490 Vide
1301 1460 1403 1490 Notas
1418 1460 1453 1491 ὃ(
1474 1461 1594 1491 Emen-

916 1501 1061 1531 dationes
1074 1500 1113 1530 ad
1126 1510 1192 1538 cap.
1206 1509 1257 1538 45.

955 1541 968 1559 ⁶
990 1543 1137 1574 Aumfu]
1170 1542 1208 1569 Ut
1231 1538 1346 1568 ferrum
1371 1539 1528 1574 candens,
1554 1538 1595 1570 fic

916 1579 1023 1610 Solem
1056 1579 1212 1609 stridendo
1239 1588 1332 1616 aquas
1357 1578 1457 1608 subire
1478 1578 1595 1616 opina-

916 1620 1038 1650 bantur.
1060 1619 1149 1649 Unde
1165 1618 1326 1649 Juvenalis
1349 1641 1357 1654 ‚
1381 1620 1480 1657 Satyr.
1499 1619 1571 1649 XIV
1584 1640 1594 1655 ,

917 1661 988 1689 280.

950 1703 1037 1727 Audiet
1049 1702 1164 1726 Herculeo
1174 1701 1310 1733 stridentem
1321 1702 1419 1734 gurgite
1429 1702 1517 1726 Solem.

917 1743 1016 1780 quue
1045 1741 1169 1780 vulgare
1195 1741 1277 1779 apud
1298 1749 1404 1779 poetas
1421 1763 1430 1776 ,
1451 1743 1524 1770 cum
1537 1750 1595 1771 oc·-

917 1781 1019 1812 casum
1029 1780 1111 1811 Solis
1125 1780 1314 1810 describunt.

956 1827 968 1845 7
991 1821 1189 1855 FORMASQUE
1213 1823 1375 1854 DEORUM]
1402 1818 1514 1849 Melius
1531 1818 1595 1855 sor-

917 1861 1022 1899 mafilue
1050 1870 1173 1898 equorum
1191 1869 1200 1889 τ
1216 1859 1248 1889 ni
1264 1859 1346 1889 forte
1356 1858 1462 1894 fhrtnas
1485 1857 1595 1886 deorum

917 1900 1050 1939 accipias
1078 1899 1116 1929 de
1138 1899 1289 1937 Neptuno
1314 1898 1442 1937 aliisque
1467 1896 1595 1928 marinis

919 1939 982 1970 deis
998 1939 1105 1970 Solem
1118 1938 1357 1976 excipientibus.

958 1980 970 1998 ⁸
996 1980 1136 2009 TANTUM
1158 1989 1283 2008 NATURA
1310 1980 1322 2014 ]
1346 1978 1391 2007 Ita
1407 1976 1445 2006 de
1462 1977 1595 2006 Oceano

918 2018 1030 2049 Indico
1061 2017 1197 2056 Quintus
1230 2017 1375 2052 Curtius,
1397 2017 1461 2051 IX,
1487 2026 1517 2051 9.
1552 2014 1596 2046 ait

918 2068 953 2086 ne
974 2067 1103 2086 naturam
1119 2056 1223 2093 quidem
1241 2057 1350 2095 longius
1363 2055 1430 2093 poste
1440 2055 1595 2091 procedere.

920 2098 1013 2127 Nunc
1033 2098 1110 2127 vero
1121 2095 1202 2126 fama
1216 2097 1270 2126 illa
1290 2106 1355 2125 non
1379 2095 1418 2124 est
1442 2104 1535 2124 vera:
1550 2094 1598 2123 ul-

920 2145 967 2166 tra
991 2145 1086 2167 terras
1110 2135 1278 2166 Suionibus
1301 2134 1454 2165 habitatas
1481 2133 1597 2172 cogni-

920 2177 1004 2206 tai‘ve
1016 2198 1024 2210 ‚
1041 2186 1132 2206 novae
1151 2176 1317 2206 innotuere
1337 2183 1422 2204 terrae
1437 2195 1446 2208 ,
1467 2173 1491 2201 le
1503 2173 1598 2211 Spita-

920 2215 985 2255 berg
996 2239 1003 2251 ‚
1013 2215 1040 2243 la
1051 2214 1238 2250 Groenlaade‚
1249 2215 1310 2245 &a
1325 2213 1458 2244 necdum
1468 2221 1536 2243 tota
1546 2222 1597 2251 pa-

921 2263 965 2285 tet
986 2264 1104 2285 natura.
1125 2255 1251 2285 Utinam
1273 2253 1433 2292 auspicatis
1454 2260 1502 2282 tot
1525 2261 1597 2291 gen-

922 2294 1023 2329 tium,
1048 2294 1173 2324 nautica
1202 2303 1265 2324 arte
1293 2292 1567 2324 celeberrimarum
1587 2310 1598 2324 ‚

251 2337 267 2356 4
288 2335 367 2364 Hinc
403 2345 488 2364 rmrs
507 2336 519 2372 ]
558 2335 665 2364 Parum
687 2332 824 2377 apposite
844 2332 883 2362 ad
923 2333 1177 2377 navigationibus
1194 2333 1365 2378 aliquando
1386 2331 1509 2371 pateat!
1534 2332 1597 2367 Qui

214 2371 432 2404 astronomicas
452 2373 602 2404 rationes.
619 2377 655 2403 In
670 2373 715 2402 his
728 2381 883 2403 enimter-

215 2419 317 2442 tarum
344 2412 458 2445 finibus
476 2422 635 2446 extremus
654 2412 792 2446 cadentis
803 2412 884 2444 Solis

898 2374 902 2387 '
923 2384 1006 2403 enim
1022 2382 1135 2404 naturae
1150 2373 1263 2404 intima
1280 2371 1480 2403 scrutabimur
1492 2393 1500 2408 ‚
1514 2369 1535 2400 fi
1556 2379 1598 2401 ne

897 2389 904 2448 l
924 2413 1042 2446 extima
1057 2413 1186 2454 quidem
1199 2411 1469 2453 cognoverimus?

1297 2475 1339 2516 H
1355 2471 1382 2525 ij
