1952 2708
339 169 396 198 20

592 153 640 192 C.
701 145 1114 194 CORNELII
1169 150 1452 194 TACITI

339 235 409 276 nisi
436 234 529 287 quid
557 231 768 274 fortuitum
790 237 830 274 &
853 232 1027 274 subitum
1046 233 1262 284 inciderit,
1293 235 1411 275 certis
1432 231 1572 274 diebus
1588 263 1600 284 ,
1631 235 1723 274 cum

339 312 409 338 aut
432 298 646 337 inchoatur
671 295 766 337 luna
797 302 806 318 ¹
824 326 836 346 ,
865 310 931 337 aut
956 296 1169 353 impletur:
1200 312 1291 336 narn
1317 297 1480 351 agendis
1502 296 1618 338 rebus
1642 299 1723 338 hoc

337 359 685 415 auspicatissimum
713 361 872 400 initium
903 360 1070 401 credunt
1109 364 1137 400 ².
1171 361 1265 401 Nec
1289 359 1444 399 dierum
1473 374 1682 400 numerum
1709 388 1724 410 ,

338 436 383 463 ut
408 437 507 473 nos,
536 423 603 463 sed
629 424 806 463 noffium
834 437 1072 480 computant
1102 428 1130 464 ³.
1153 425 1222 464 Sic
1248 423 1519 473 constituunt,
1548 423 1600 464 fic
1624 437 1723 463 con-

338 485 479 526 dicunt
497 490 531 525 4:
554 500 636 526 nox
657 486 803 527 ducere
824 487 930 527 diem
958 487 1127 527 videtur.
1149 485 1256 527 Illud
1279 500 1329 526 ex
1348 484 1531 526 libertate
1551 487 1723 536 vitium,
1774 494 1799 539 5

339 548 450 602 quod
472 563 554 589 non
579 548 692 588 fimul
713 578 725 600 ,
759 564 836 590 nec
866 564 911 591 ut
935 548 1020 602 juffi
1047 551 1324 599 conveniunt,
1359 549 1426 589 sed
1453 553 1492 589 ὅ(
1518 547 1645 600 alter,
1679 552 1721 589 ὃ(

337 612 475 652 tertius
503 611 584 653 dies
609 613 861 653 cunetamne
885 614 1121 654 coeuntium
1146 612 1374 652 absumitur.
1402 613 1457 652 Ut
1485 611 1607 652 turbae
1633 610 1722 667 pla-

336 675 422 715 cuit
443 679 456 705 5
470 703 484 724 ,
515 675 724 716 considunt
746 677 884 716 armati
907 675 936 717 ⁶.
959 675 1172 717 Silentium
1197 690 1267 731 per
1292 675 1516 716 sacerdotes
1533 705 1545 725 ,
1576 673 1720 728 quibus

334 750 422 778 tum
444 741 484 778 &
508 739 722 780 coercendi
741 737 801 791 jus
823 740 903 790 est,
925 741 1151 796 imperatur.
1173 739 1278 780 Mox
1300 753 1397 789 rex,
1423 737 1490 779 vel
1512 739 1720 795 princep8,

334 813 456 857 prout
482 815 570 843 aetas
594 804 763 856 cuique,
792 816 910 858 prout
933 802 1147 853 nobilitas,
1176 816 1295 859 prout
1325 802 1446 842 decus
1474 800 1675 842 bellorum
1704 829 1719 853 ,
1746 814 1800 843 10

334 878 455 920 prout
477 865 665 906 facundia
690 867 742 905 est
770 869 811 915 7,
840 866 1053 907 audiuntur
1068 897 1080 916 ‚
1108 867 1339 906 aucfforitate
1361 865 1551 905 suadendi
1571 866 1720 919 magis,

334 926 453 980 quam
490 926 653 979 jubendi
692 930 896 984 potestate.
934 931 977 970 Si
1015 929 1220 985 displicuit
1260 929 1457 968 sententia
1486 956 1500 978 ,
1554 927 1718 968 fremitu

333 989 613 1045 aspernantur:
635 991 688 1030 sin
711 991 890 1047 placuit,
919 992 1085 1033 frameas
1117 993 1357 1033 concutiunt
1385 990 1413 1033 ⁵³.
1447 990 1716 1033 Honoratiffi-

331 1067 443 1093 mum
468 1053 634 1095 assensus
660 1068 785 1109 genus
811 1056 889 1108 est,
921 1057 1036 1099 armis
1060 1054 1235 1098 laudare.

332 1175 395 1205 sam
420 1175 638 1218 laudatamque
662 1178 725 1217 jam
749 1178 886 1210 vidimus
916 1179 1003 1219 supr&⁴
1042 1178 1130 1208 decem
1157 1178 1257 1209 noc‘c‘es.
1285 1179 1351 1210 Tit.
1377 1180 1416 1209 L.
1441 1179 1469 1209 fn
1492 1179 1580 1208 ηοέἕες
1591 1177 1652 1208 XL.
1678 1177 1714 1211 &J

329 1216 445 1246 Annal.
466 1218 507 1248 IV
523 1239 531 1253 ,
553 1229 604 1255 33.

356 1260 382 1297 *¹
407 1256 588 1287 lNcHoATuR
617 1258 707 1286 Loxa
726 1257 740 1293 ]
769 1257 815 1288 De
829 1257 914 1288 nova
930 1258 1003 1288 luna

330 1294 404 1323 vide
418 1295 532 1324 Julium
547 1296 694 1326 Caesarem
708 1297 783 1326 Bell.
802 1297 884 1327 Gall.
897 1299 908 1326 I
919 1320 929 1334 ,
944 1309 981 1337 50
992 1322 1000 1335 ‚

331 1332 491 1363 laudatum
512 1334 596 1373 supra
611 1346 676 1374 cap.
691 1338 718 1365 8.

371 1374 380 1386 ²
407 1374 560 1403 CREDUNT
578 1379 589 1410 ]
615 1375 704 1405 Adeo
726 1375 854 1413 antiqua
870 1375 903 1406 δε
921 1375 1001 1414 apud

330 1420 440 1441 omnes
457 1414 589 1451 populos
605 1414 785 1453 pervulgata
807 1414 923 1444 lunaris
944 1425 1001 1453 po—

329 1450 441 1493 testatis
468 1451 548 1482 fama
570 1477 579 1490 ‚
600 1464 666 1492 quae
694 1463 733 1483 ne
749 1453 782 1482 in
799 1453 855 1484 hac
874 1454 1001 1493 quidem

329 1489 486 1532 literarum
496 1491 565 1522 luce
577 1492 697 1530 penitus
711 1503 749 1523 ex
761 1492 927 1523 hominum
936 1493 1001 1523 ani-

329 1537 389 1571 mis
409 1530 549 1561 exolevit
563 1531 568 1561 !
582 1533 685 1568 Quam
701 1531 812 1561 insanae
826 1532 906 1562 vires
921 1533 1000 1564 lunae

328 1569 548 1606 tribuerentur,
557 1571 630 1601 vide
641 1571 722 1609 apud
736 1571 881 1608 Plinium,
895 1573 922 1601 ΙΙ
931 1595 939 1608 ,
948 1583 999 1608 99.

368 1612 378 1632 3
403 1608 556 1639 Noenum
584 1620 773 1641 ςοΜΡυτΑΝτ
792 1612 806 1648 ]
836 1612 906 1641 Hoc
934 1612 998 1649 pri-

325 1655 430 1690 maeyae
449 1647 641 1687 antiquitatis
665 1658 917 1680 monumentum.
932 1651 998 1681 Nec

326 1694 344 1714 a
358 1686 465 1716 diebus
478 1711 486 1723 ‚
503 1687 554 1717 sed
569 1699 586 1719 a
601 1689 744 1719 noctibus
757 1698 858 1728 coepta
875 1698 998 1728 tempo-

327 1733 359 1754 ra
372 1747 392 1769 ,ι
407 1726 518 1769 Genes.
532 1728 563 1762 Ι,
583 1738 614 1771 5.
633 1727 740 1763 Galli,
768 1736 801 1759 ut
815 1729 910 1759 ceten'
922 1730 995 1759 bar-

326 1763 393 1793 ban
407 1788 417 1801 ‚
444 1765 476 1795 ld
498 1766 590 1797 obliti
604 1768 654 1805 ‚se
668 1776 758 1796 omnes
782 1777 799 1796 a
819 1767 890 1797 Dite
915 1778 996 1805 patre

322 1812 474 1842 prognatos
490 1805 645 1841 praedicant
664 1830 674 1843 ‚
694 1805 772 1845 idque
800 1816 817 1835 a
837 1806 995 1836 Druidibus

319 1842 458 1878 ‚proditum
468 1843 572 1874 dicum.
585 1844 626 1875 Ob
639 1856 699 1875 eam
709 1846 918 1885 caufhmfivaria
939 1857 995 1876 om-

324 1881 371 1924 n-is
386 1883 512 1919 temporis
527 1894 580 1913 non
606 1895 715 1914 numero
733 1885 851 1922 dierum,
863 1885 915 1925 fid
927 1897 993 1915 noc-

322 1929 391 1949 tium
402 1921 512 1960 finiunt
523 1946 533 1960 ‚
554 1923 585 1952 Cr
603 1924 661 1953 dies
672 1924 802 1961 natales,
825 1924 854 1955 [⁷
868 1925 993 1965 mensium

323 1958 356 2003 sss
371 1970 503 1991 annorum
523 1963 606 1993 initia
617 1963 662 2003 fic
680 1963 840 2002 observant,
855 1975 884 1993 ut
894 1965 993 1994 noblem

324 1997 567 2040 diesfizbftquszrur
587 2026 596 2040 ‚
621 2003 681 2034 Jul.
697 2003 810 2039 Caesar,
821 2004 899 2035 Bell.
911 2005 992 2035 Gall.

324 2038 388 2075 VI,
408 2042 453 2083 ιβ.
473 2041 677 2081 Antiquitatis
694 2043 846 2074 memoria
856 2043 951 2074 exstat
960 2044 992 2076 in

324 2085 426 2108 veteri
445 2079 586 2111 sermone
596 2081 722 2113 Gallico
737 2083 846 2119 anuic'ff,
867 2094 924 2121 pro
936 2083 994 2115 hac

322 2119 426 2160 ῃᾳξὶε,
438 2117 488 2148 seu
499 2119 606 2157 hodie,
618 2130 652 2151 ut
660 2121 828 2153 Sirmondo
837 2146 845 2158 ‚
859 2123 992 2160 Piffioeo,

322 2155 451 2195 ahisque
474 2160 650 2196 probatum.
674 2161 750 2191 Inde
773 2161 806 2191 ὃς
820 2170 907 2192 vetus
929 2162 993 2193 for-

320 2195 405 2225 mula
418 2217 426 2230 ‚
441 2199 589 2234 comparoir
601 2198 705 2228 dedans
721 2199 760 2228 les
771 2201 868 2230 nuiffs.

361 2239 377 2257 4
398 2236 449 2279 Sic
470 2248 651 2268 coxineum
673 2240 688 2276 ]
721 2241 801 2269 Ciim
843 2249 963 2280 tempus
981 2261 990 2275 ‚

320 2282 384 2316 quo
397 2275 474 2318 quid
484 2275 659 2307 faciendum
673 2279 946 2319 constituunt;qu0
958 2280 990 2310 in

318 2322 366 2348 Jus
374 2315 564 2345 veniendum
577 2316 748 2348 condicunt
757 2329 766 2356 ;
776 2327 841 2349 non
851 2327 900 2350 tot
908 2319 971 2349 dies
980 2342 990 2355 ‚

318 2350 370 2380 sed
392 2356 566 2397 tot-noctes
586 2356 777 2387 constituunt
799 2358 990 2389 condicunt-

315 2398 366 2421 ve.
378 2392 427 2423 Sic
439 2402 472 2423 m
479 2394 565 2434 Lege
575 2394 673 2428 §alica
685 2396 749 2429 Tit.
765 2397 896 2429 XLVIH
916 2397 989 2428 inter

1012 1360 1021 1726 J

1003 2054 1015 2430 ι

1042 1219 1118 1249 alibi
1130 1219 1231 1257 passim
1241 1219 1330 1247 nofles
1342 1230 1397 1257 pro
1413 1218 1471 1248 dies
1483 1219 1673 1257 usurpantur.

1083 1263 1091 1285 5
1115 1260 1161 1288 Ur
1180 1268 1285 1287 TURBAE
1308 1260 1463 1295 pmcm-r]
1477 1258 1588 1288 Melius
1599 1267 1646 1293 ,ut
1658 1266 1714 1286 tur-

1041 1296 1074 1325 ha
1088 1297 1205 1334 placuit.
1221 1297 1255 1326 Id
1267 1296 1401 1333 est,satis
1417 1298 1581 1327 numerosa
1592 1296 1715 1327 visaest.

1041 1336 1121 1367 Vide
1140 1338 1240 1367 Notas
1266 1336 1300 1368 &
1316 1336 1559 1367 Emendationes
1584 1336 1624 1366 ad
1645 1345 1714 1375 cap.

1045 1386 1055 1405 1
1066 1387 1076 1405 1
1085 1398 1093 1406 .

1079 1417 1092 1434 ⁶
1115 1417 1300 1447 commum
1321 1416 1473 1452 amaa-ri]
1495 1413 1666 1454 Medioque
1678 1414 1713 1446 in

1040 1465 1163 1494 campo.
1179 1456 1300 1486 Horum
1313 1455 1411 1485 adhuc
1428 1453 1638 1485 conciliorum
1648 1464 1713 1484 ma-

1041 1503 1117 1525 nent
1130 1494 1256 1533 vestigia
1277 1494 1432 1524 immensis
1447 1493 1600 1532 lapidibus
1619 1494 1714 1524 cons-

1040 1533 1141 1572 picua.
1163 1534 1244 1564 Vide
1263 1534 1311 1564 Cl.
1334 1533 1443 1564 Mallet
1459 1556 1467 1569 ,
1487 1531 1672 1562 Introduezion
1695 1535 1714 1562 αἰ

1039 1573 1173 1609 l'Hift'oire
1184 1572 1216 1602 de
1228 1572 1420 1606 Danemarclffi
1430 1581 1497 1611 pag.
1512 1582 1521 1600 1
1530 1582 1567 1601 02
1580 1573 1613 1602 ὃ(
1625 1572 1712 1611 seqq.

1039 1613 1106 1643 Huc
1132 1623 1259 1652 quoque
1284 1612 1482 1643 referendum
1503 1610 1628 1642 videtur
1644 1612 1711 1641 Bri-

1039 1651 1200 1682 tannicum
1213 1652 1385 1691 Smnehenge
1400 1673 1409 1687 ,
1425 1652 1488 1689 jam
1502 1659 1712 1681 memoratum

1038 1691 1124 1729 supra
1148 1692 1242 1722 Tom.
1261 1693 1300 1722 11.
1322 1701 1388 1730 pag.
1403 1693 1469 1726 176.
1486 1698 1553 1720 not.
1566 1694 1596 1720 6.
1614 1691 1650 1719 In
1672 1689 1710 1720 iis

1035 1732 1112 1761 vero
1136 1730 1280 1761 conciliis
1303 1731 1445 1760 videmus
1464 1728 1617 1767 originem
1644 1739 1709 1760 no-

1036 1769 1164 1800 strorum
1175 1769 1397 1805 conciliorum,
1406 1778 1472 1808 quae
1485 1768 1538 1798 sub
1548 1768 1708 1799 Merovin-

1035 1809 1091 1847 giis
1101 1809 1210 1839 nostris
1227 1808 1351 1848 regibus
1368 1809 1448 1838 dicia
1463 1807 1531 1838 sunt
1546 1806 1585 1836 les
1597 1807 1707 1844 champs

1035 1847 1066 1876 de
1077 1848 1161 1876 Mars
1182 1859 1190 1887 ;
1213 1849 1266 1879 sub
1287 1846 1499 1886 Carlovingiis
1512 1867 1521 1881 ‚
1544 1845 1583 1875 les
1598 1847 1709 1883 champi-

1035 1886 1067 1916 de
1091 1888 1157 1918 Mai
1179 1899 1188 1925 ;
1214 1887 1329 1918 deinde
1352 1887 1391 1916 les
1414 1885 1502 1915 Cours
1518 1885 1651 1921 plenieres
1674 1885 1709 1916 de

1033 1926 1107 1957 Noel
1134 1926 1164 1955 δ’
1183 1926 1214 1956 de
1226 1927 1341 1966 Pzique5
1359 1937 1394 1958 ac
1414 1926 1541 1956 demum
1561 1925 1600 1954 les
1621 1924 1707 1955 Etats

1030 1966 1184 2006 gendrcux.

1072 2011 1086 2031 7
1106 2006 1272 2036 Facunma
1295 2006 1376 2043 EST]
1399 2006 1513 2044 Magna
1548 2004 1589 2034 est
1619 2004 1704 2043 apud

1034 2044 1183 2076 barbaros
1199 2045 1388 2085 eloquentiae
1402 2045 1460 2076 vis.
1472 2044 1549 2075 Inde
1556 2044 1594 2074 de
1602 2044 1706 2074 Cana-

1034 2083 1176 2115 denfibus
1197 2084 1320 2125 populis
1335 2085 1366 2114 P.
1381 2084 1533 2115 Creuxius
1547 2104 1557 2119 ,
1584 2081 1707 2121 Historia

1034 2122 1205 2162 Canadensts
1221 2147 1230 2161 ‚
1257 2134 1324 2163 pag.
1344 2127 1395 2159 69.
1421 2122 1534 2161 Quibus
1547 2119 1582 2160 2st
1595 2120 1706 2151 dicendi

1032 2163 1075 2191 vis
1097 2173 1114 2192 a
1141 2164 1244 2192 nazarci
1267 2163 1407 2201 conctffz‚
1429 2161 1605 2190 dominantur
1620 2161 1704 2191 nimi-

1031 2212 1089 2230 rum
1102 2226 1110 2237 ‚
1123 2203 1292 2241 praefimrque
1317 2201 1415 2229 ceteris
1427 2225 1436 2238 ‚
1457 2200 1601 2237 pluribus,
1626 2210 1701 2237 pau-

1031 2241 1177 2279 cioribusve
1194 2265 1204 2278 ,
1237 2250 1266 2270 ut
1287 2241 1407 2279 cujusque
1424 2241 1510 2278 major
1525 2239 1645 2269 minorve
1664 2239 1702 2280 eft

1029 2280 1191 2314 eloquentia.

1069 2319 1081 2338 ²³
1102 2319 1255 2349 FRAMEAS
1278 2320 1495 2356 CONCUTIUNT]
1512 2318 1581 2348 Hoc
1591 2328 1699 2349 armo-

1027 2367 1094 2387 rum
1118 2358 1196 2388 sono
1219 2358 1332 2387 Civilis
1353 2358 1530 2388 orationem
1550 2359 1699 2397 approba·

1027 2406 1090 2428 tam
1102 2397 1238 2430 vidimus
1254 2397 1341 2437 supra
1349 2396 1423 2428 Hist.
1435 2399 1495 2436 lv,
1513 2406 1559 2436 15·
