1952 2708
545 142 1183 186 CHRONOLOGICA.
1458 161 1546 202 455

161 223 350 261 missisunt.
365 221 422 257 Sic
433 230 513 269 quae
528 219 618 255 olim
631 246 641 262 ,
656 217 741 254 durn
757 218 931 267 vigebant
948 230 1037 255 artes
1053 219 1287 266 Rornanae,ad
1300 223 1552 264 debellandam

161 275 301 324 suisque
323 270 425 307 armis
446 267 664 305 vincendam
685 267 917 304 Germaniam
940 268 1081 304 fuissent
1107 272 1248 319 quaesrta
1262 301 1270 316 ‚
1300 275 1397 312 ultro
1427 276 1551 315 oblata

159 337 235 366 turn
256 319 513 371 spernebantur
531 331 613 354 cum
630 318 709 368 pari
725 318 936 368 reipublicae
950 318 1091 369 probro
1106 332 1148 356 ac
1163 320 1391 362 detrimento.

1056 399 1089 432 J.
1106 395 1141 430 C.
1175 397 1238 432 86.

207 467 428 505 Domitiano
441 466 603 517 Augusto
621 465 710 509 XII,
727 465 798 502 Ser.
818 465 995 502 Cornelio
1010 465 1209 503 Dolabella
1221 468 1429 507 consulibus
1441 499 1450 515 ,
1466 472 1553 510 licet

159 517 255 555 Urbs
279 518 340 555 sua
362 517 501 554 luxuria
521 519 591 565 jam
619 516 821 560 fatisceret,
841 517 1049 566 excogitata
1076 529 1176 553 nova
1204 517 1375 556 ludorum
1402 523 1554 560 nomina

159 567 207 604 ad
229 569 442 605 Graecorum
460 567 674 616 exemplum.
702 566 818 617 Igitur
837 566 1014 603 exstruffls
1029 566 1128 603 odeo
1149 567 1157 583 ¹
1176 565 1363 618 stadioque
1379 599 1388 614 ‚
1412 572 1554 610 institu-

159 629 235 654 tum
255 617 522 668 quinquennale
551 628 730 654 certarnen
760 618 773 633 ²
788 645 798 660 ‚
819 617 1037 666 Capitolino
1061 617 1146 654 Jovi
1178 617 1309 667 triplex
1326 647 1335 663 ‚
1355 621 1523 659 muficum
1543 655 1552 667 ,

158 668 317 718 equestre
343 673 376 704 ὅς
400 667 620 717 gymnicum.
651 666 709 702 Ibi
739 679 816 703 non
842 667 941 716 poesr
965 668 975 687 ³
1000 667 1168 712 tantum,
1200 679 1374 705 certatum
1392 671 1499 708 etiam
1517 677 1552 710 δε

157 719 266 766 prosa
287 718 455 754 oratione
469 719 487 738 4
504 718 630 753 Graece
647 716 860 766 Latineque.
885 716 1023 754 Laudes
1036 718 1137 754 Jovis
1156 718 1360 767 Capitolini
1379 751 1387 763 ,
1422 734 1554 770 perpe-

156 779 218 803 tua
245 768 391 804 materia
417 769 443 804 ς.
475 767 517 803 In
538 767 652 804 stadio
681 780 867 804 cucurrere
897 771 930 804 δε
951 768 1120 818 virgines.
1154 769 1268 818 Super
1295 770 1554 817 haecludicra,

157 818 353 868 quotannis
375 817 647 855 celebrabantur
670 818 708 853 in
722 817 868 854 Albano
884 818 1128 868 Quinquatria
1143 819 1319 856 Minervae
1333 820 1346 838 ⁶
1358 851 1367 864 ,
1379 821 1438 857 cui
1452 823 1553 859 Prin-

157 881 242 917 ceps
262 868 457 918 collegium
473 868 690 912 instituerat3
707 881 750 905 ex
772 881 847 918 quo
870 868 965 905 sorte
986 869 1080 906 dudi
1093 869 1296 919 magisterio
1306 870 1553 920 fungerentur,

155 918 417 969 redderentque
441 919 587 955 eximias
612 918 825 956 venationes
842 921 875 955 ὃς
890 918 1053 956 scenicos
1073 919 1190 956 ludos.
1216 919 1273 956 Ibi
1294 933 1443 970 quoque
1469 935 1553 960 ora-

160 978 282 1004 torum
307 982 350 1005 ac
375 980 565 1018 poetarum
587 970 599 991 ⁷
632 968 836 1006 certamina.
874 968 1022 1006 Interim
1041 970 1175 1005 malum
1197 997 1206 1014 ,
1236 970 1445 1020 reipublicae
1474 973 1553 1008 exi-

157 1019 265 1062 tiale,
289 1019 325 1054 in
343 1019 558 1056 exercitibus
584 1019 732 1069 gliscere
753 1029 926 1067 coeperat.
953 1020 1133 1056 Sordebat
1160 1032 1292 1069 nempe
1320 1031 1422 1058 vetus
1442 1021 1553 1058 disci-

154 1068 257 1117 plina
272 1096 281 1111 ,
308 1070 405 1105 orbis
422 1080 592 1106 terrarum
608 1070 731 1106 victrix
746 1083 755 1105 :
769 1068 971 1119 ducumque
986 1071 1070 1106 cura
1091 1070 1128 1106 in
1141 1069 1295 1107 leviores
1312 1071 1552 1122 agilioresque

155 1129 247 1155 artes
275 1120 473 1163 conversa,
496 1119 649 1155 studium
670 1131 869 1161 armorum,
897 1132 917 1154 a
940 1120 1104 1156 manibus
1123 1120 1170 1156 ad
1193 1120 1323 1157 oculos
1352 1122 1364 1140 ⁸
1378 1149 1386 1164 ‚
1416 1122 1462 1158 ad
1481 1136 1552 1159 vo-

154 1168 330 1217 luptatem
351 1181 371 1205 a
392 1169 518 1206 labore
539 1169 813 1206 transferebatur
832 1184 840 1205 :
862 1182 930 1206 nec
949 1169 1270 1207 exercitationibus
1294 1182 1550 1209 veteranorum

156 1218 307 1268 aliquis,
332 1219 390 1255 cui
409 1219 516 1256 decus
538 1220 682 1256 muralis
706 1230 767 1255 aut
782 1219 899 1255 civica
919 1233 1079 1264 corona,
1098 1220 1159 1257 sed
1179 1221 1364 1257 Graeculus
1387 1222 1551 1272 magister

156 1268 340 1306 assistebat.
368 1269 508 1307 Aderat
534 1272 567 1306 ὃς
596 1270 777 1319 peffimum
806 1271 1035 1319 exemplum,
1070 1270 1226 1306 mollitia
1254 1270 1432 1321 Principis
1458 1272 1551 1309 adeo

155 1318 256 1355 frasti
278 1322 311 1355 <Sc
333 1321 491 1363 enervis,
511 1330 550 1356 ut
566 1319 590 1355 fi
612 1319 798 1369 navigaret
811 1348 820 1363 ‚
840 1333 907 1356 nec
918 1321 1077 1370 pulsum,
1097 1333 1163 1357 nec
1177 1320 1357 1369 fragorem
1373 1335 1553 1359 remorum

154 1368 282 1411 ferret,
306 1369 367 1406 sed
390 1370 436 1405 ad
452 1369 610 1419 singulos
627 1370 713 1406 istus
739 1370 933 1407 formidine
961 1370 1193 1407 horresceret.
1217 1370 1326 1408 Unde
1346 1383 1525 1422 repertum
1540 1400 1552 1416 ‚

156 1429 197 1455 ut
225 1419 356 1468 procul
385 1419 430 1456 ab
458 1420 560 1456 omni
588 1420 681 1457 sono
699 1420 926 1457 inconcussus
951 1424 983 1457 ὃς
1006 1421 1197 1464 immotus,
1229 1421 1383 1472 religato
1411 1422 1552 1460 revinc-

155 1479 268 1518 toque
285 1469 436 1520 navigio
449 1498 459 1513 ‚
476 1483 553 1507 non
576 1470 674 1507 secus
695 1483 738 1507 ac
761 1471 943 1519 piaculum
971 1471 1122 1522 aliquod
1136 1498 1145 1515 ,
1163 1470 1361 1508 traheretur
1376 1473 1403 1508 ⁹.
1419 1472 1551 1509 Cetera

156 1519 203 1554 ad
217 1520 311 1555 hanc
324 1520 426 1556 luxus
443 1520 599 1569 speciem
624 1533 794 1569 corrupta
814 1524 847 1558 &
865 1521 1035 1558 imbellia.
1060 1521 1139 1558 Nec
1164 1521 1237 1557 ulla
1253 1523 1322 1567 jam
1343 1522 1553 1571 reipublicae

156 1581 253 1605 cura.
282 1569 351 1607 Sed
372 1570 395 1605 fi
414 1583 484 1619 qua
510 1571 605 1607 forte
623 1571 771 1608 confilia
787 1599 795 1614 ‚
821 1571 865 1608 de
894 1571 1046 1609 libidine
1071 1572 1227 1622 gulaque
1248 1573 1277 1590 ¹⁰
1298 1572 1398 1608 inita.
1432 1573 1553 1609 Anxia

155 1620 298 1655 tantum
316 1620 492 1670 Principis
513 1621 724 1658 sollicitudo
739 1649 749 1665 ‚
778 1634 824 1658 ne
841 1621 915 1657 ulla
941 1622 1114 1659 emineret
1139 1622 1261 1658 virtus.
1287 1621 1415 1658 Multce
1430 1633 1553 1659 tamen

156 1668 314 1706 hostium
327 1671 446 1708 minae.
473 1670 644 1709 Invalido
661 1672 845 1722 Agricola:
866 1672 1060 1710 successore
1074 1674 1082 1689 ¹
1093 1673 1119 1716 ¹,
1135 1671 1275 1709 animos
1286 1672 1546 1722 resumpserant

467 393 605 431 ANNUS
630 392 678 430 U.
695 392 739 430 C.
772 404 1000 430 Deccxxx1x‚

192 1825 201 1837 ¹
225 1819 336 1850 Omzo]
357 1820 473 1848 Sueten.
489 1821 517 1848 in
530 1820 639 1849 Domit.
658 1820 697 1849 V.
720 1820 833 1849 Odeum
876 1821 1037 1857 Panegyric.
1052 1822 1137 1850 XIII.
1159 1821 1257 1849 horum
1274 1830 1382 1856 quoque
1397 1829 1552 1855 temporum

157 1853 304 1883 aedificium
324 1855 376 1883 fuit
394 1855 430 1883 ad
450 1856 566 1884 mulicos
584 1865 733 1884 concentus
750 1856 833 1884 muli·
877 1857 961 1885 testis.

158 1899 244 1923 caque
258 1891 408 1918 certamina
421 1890 527 1919 edenda
541 1891 714 1919 exstructum.
912 1902 922 1917 9
941 1892 1163 1921 TRAHERETUR
1180 1896 1190 1924 J
1222 1891 1296 1920 Plin.
1325 1893 1354 1919 in
1382 1891 1549 1926 Panegyric,

194 1931 204 1942 ²
227 1924 475 1959 QquuauuArE
502 1931 696 1957 crarium-tn]
720 1926 832 1955 sueton.

156 1959 186 1987 in
196 1959 306 1988 Domit.
320 1959 376 1988 IV.
387 1959 523 1989 Censorin
535 1982 542 1991 ‚
554 1962 583 1989 cle
592 1963 646 1989 Die
659 1962 762 1992 natali,
775 1972 834 1996 cap.

159 1997 201 2023 18.

195 2039 202 2056 3
226 2029 338 2060 Poasrl
362 2029 464 2058 Statius
475 2051 484 2063 ‚
496 2030 541 2058 111
554 2031 709 2062 Silvarum,
724 2031 753 2060 V
769 2052 776 2062 ‚
790 2041 833 2067 31.

158 2067 185 2093 ὃ(
199 2064 227 2092 V
239 2066 379 2093 Silvarum
391 2086 398 2095 ,
418 2066 483 2095 111,
497 2074 558 2101 231.

194 2106 205 2123 ⁴
225 2099 331 2128 PaosA
350 2104 538 2130 onarloue]
562 2100 676 2128 Sueton.
692 2102 741 2129 loc.
756 2102 804 2129 cit.

194 2144 202 2160 s
222 2135 387 2164 PenrrruA
408 2144 553 2164 marram
571 2140 581 2167 ]
619 2136 812 2171 Quintilianus
826 2157 834 2166 ,

158 2170 280 2198 Institut.
295 2170 377 2200 Orat.
390 2172 435 2198 III
446 2192 452 2201 ‚
469 2182 495 2205 7.

192 2210 203 2226 ⁶
226 2206 463 2240 QquuAtarA
491 2206 650 2235 MruERvAE
671 2212 680 2238 ]
721 2207 835 2234 Sucron.

160 2239 226 2268 ibid·
250 2242 293 2269 De
317 2242 527 2276 quinquatribus
544 2244 600 2276 jam
616 2242 736 2270 diximus
760 2242 836 2276 supra

158 2274 264 2304 Annal.
276 2277 350 2304 XIV
366 2298 373 2307 ‚
392 2287 415 2310 4-

194 2317 205 2333 7
228 2310 407 2340 POETARUM
432 2318 441 2344 ]
465 2313 521 2341 Ter
543 2314 571 2340 in
594 2314 628 2341 iis
641 2313 836 2341 certaminibus

160 2354 305 2384 coronatus
325 2347 362 2375 est
386 2348 487 2376 Statius
500 2369 506 2378 ‚
529 2357 558 2376 ut
575 2348 769 2382 ipsetestatur,
791 2348 835 2376 111

159 2380 298 2408 savarum
308 2402 316 2414 ,
338 2382 366 2409 V
379 2403 386 2413 ‚
401 2386 444 2412 28.

194 2420 203 2437 ὃ
227 2416 254 2444 Α
273 2426 410 2447 maximus
434 2429 474 2448 AD
500 2427 621 2449 ocuros
642 2425 652 2452 ]
680 2420 788 2449 Plinius
808 2421 836 2448 in

876 1927 1031 1954 LXXXII.

914 1967 939 1981 ¹0
959 1963 1134 1995 GULAQUE]
1157 1963 1219 1990 Huc
1231 1962 1349 1996 pertinet
1361 1962 1504 1990 consilium
1515 1962 1550 1989 de

874 1997 991 2025 rhombo
1014 1997 1125 2026 Albana
1151 1998 1179 2025 in
1204 1997 1269 2025 villa
1291 1998 1414 2026 habitum
1435 2018 1442 2027 ,
1488 2007 1553 2035 cerr-

876 2041 986 2066 tumque
1012 2037 1039 2061 &
1059 2033 1176 2067 amplius
1199 2033 1317 2061 versibus
1342 2032 1468 2067 graphice
1491 2032 1552 2060 del·

875 2069 991 2101 criptum
1006 2079 1022 2095 a
1035 2068 1186 2100 Juvenale,
1200 2068 1288 2102 Satyr.
1304 2068 1358 2098 IV,
1370 2076 1414 2102 37.
1513 2101 1519 2107 ⁴

919 2105 984 2131 Citm
996 2107 1056 2137 jam
1077 2103 1265 2136 semianimum
1284 2103 1415 2131 laceraret
1437 2102 1551 2131 Flavms

980 2139 1067 2166 orbem

909 2174 1025 2202 Ultimus
1038 2181 1096 2202 υτ.

874 2208 963 2237 Totus
981 2209 1023 2236 hic
1040 2210 1115 2237 locus
1127 2210 1242 2237 omnino
1259 2207 1390 2244 legendus
1401 2228 1408 2238 ,
1423 2207 1551 2236 uthomi-

874 2254 922 2271 nes
932 2244 1072 2278 moresque
1090 2244 1168 2278 hujus
1177 2246 1306 2278 temporis
1317 2242 1550 2271 noscanturNide

875 2283 901 2307 δε
917 2279 1039 2307 Plinium
1058 2279 1258 2315 inpanegyric.
1276 2279 1356 2306 LIV.

911 2320 933 2332 ¹¹
958 2316 1174 2347 successoros]
1189 2315 1318 2343 Sallustio
1332 2315 1456 2343 Lucullo,
1470 2322 1551 2347 quem

874 2349 1055 2378 Domitianus
1072 2352 1154 2386 postea
1172 2351 1307 2387 interjecit
1324 2370 1334 2382 ,
1352 2349 1419 2385 quod
1445 2349 1551 2375 lamus

874 2395 951 2413 novae
964 2387 1060 2418 formae
1081 2386 1212 2420 appellari
1231 2385 1370 2415 Luculleas
1385 2385 1465 2421 paffits
1483 2383 1551 2416 effer,

876 2420 991 2449 Sueten.
1012 2422 1041 2450 in
1054 2420 1163 2449 Domit.
1178 2421 1220 2449 X.
