1952 2708
383 148 469 184 166
616 140 663 178 C.
730 135 1153 178 CORNELII
1216 136 1515 179 TACITI

371 239 456 266 tum
483 221 629 262 virium
657 217 863 260 detraxisse
890 219 1064 260 orationi
1091 218 1286 259 auditoria
1313 223 1352 260 ὃς
1376 218 1569 260 tabularia
1603 224 1614 242 ¹
1637 218 1767 261 credi-

371 301 484 335 mus,
513 285 554 325 in
588 283 729 338 quibus
755 281 834 335 jam
864 282 945 322 fere
978 282 1154 338 plurimae
1185 284 1308 323 causae
1339 282 1622 339 explicantur?
1652 285 1763 324 Nam

370 348 578 404 quomodo
610 346 765 388 nobiles
792 360 916 400 equos
943 346 1076 386 cursus
1105 349 1146 385 &
1169 346 1292 400 spatia
1320 346 1520 401 probant3
1548 347 1599 387 sic
1622 348 1674 386 est
1695 346 1763 387 ali-

370 415 457 467 quis
483 424 689 453 oratorum
715 424 904 466 campus,
932 424 1001 465 per
1026 423 1144 462 quem
1178 409 1248 447 nisi
1274 407 1391 449 liberi
1418 413 1456 449 &
1485 408 1606 450 soluti
1628 409 1762 450 feran-

369 489 460 526 tur,
489 473 719 515 debilitatur
741 490 787 515 ac
809 473 1004 528 frangitur
1024 471 1268 525 eloquentia.
1291 471 1421 527 Ipsam
1445 473 1669 525 quinimmo
1692 487 1764 513 cu-

370 555 456 580 ram
479 542 520 579 &
540 536 742 593 diligentis
763 536 847 590 styli
872 537 1114 576 anxietatem
1134 536 1376 576 contrariam
1396 536 1644 591 experimur:
1671 537 1763 589 quia

371 603 472 659 saepe
492 603 713 656 interrogat
733 599 879 653 judex3
907 598 1067 652 quando
1090 599 1258 654 incipias
1281 616 1289 638 ι
1312 603 1352 640 ὅ(
1377 613 1427 639 ex
1447 600 1765 653 interrogatione

373 664 458 719 ejus
487 664 762 721 incipiendum
793 663 858 703 est.
891 663 1138 716 Frequenter
1168 661 1472 718 probationibus
1497 666 1537 702 &
1570 660 1731 703 testibus
1750 691 1765 713 ,

370 728 570 769 silentium
597 740 786 783 patronus
816 726 958 766 indicit
982 729 996 746 ²
1020 742 1028 765 :
1050 740 1152 766 unus
1178 726 1281 766 inter
1306 727 1390 766 haec
1415 726 1568 767 dicenti
1593 741 1639 767 ac
1665 724 1766 766 alter

371 791 515 833 adsistit
538 797 574 841 ³,
600 795 640 831 ὃς
663 804 723 831 res
745 787 858 830 velut
878 790 919 829 in
939 787 1155 829 solitudine
1176 790 1317 844 agitur.
1339 790 1504 831 Oratori
1527 803 1661 830 autem
1685 788 1766 831 cla-

371 870 484 897 more
510 852 726 910 plausuque
753 867 853 908 opus
883 853 936 893 est
951 882 964 903 ‚
1003 857 1044 893 ὅ(
1070 852 1183 893 velut
1211 853 1385 907 quodam
1417 854 1577 894 theatro
1603 870 1610 893 :
1633 851 1768 907 qualia

373 917 553 972 quotidie
578 917 749 970 antiquis
770 915 993 957 oratoribus
1019 916 1331 971 contingebant:
1360 920 1451 958 cum
1472 930 1534 958 tot
1553 917 1699 973 pariter
1720 931 1769 957 ae

373 995 456 1022 tam
476 979 632 1020 nobiles
654 980 787 1021 forum
807 981 1054 1021 coar&arent
1075 997 1083 1020 ε
1106 982 1197 1021 cum
1219 979 1416 1021 clientelae
1437 995 1620 1034 quoque,
1639 983 1678 1020 ὅ(
1697 980 1769 1020 tri-

373 1043 444 1085 bus
460 1072 473 1093 ,
500 1044 812 1099 municipiorum
838 1044 960 1084 etiam
984 1041 1208 1098 legationes
1225 1074 1238 1094 ,
1268 1059 1314 1085 ac
1338 1059 1426 1100 pars
1454 1043 1577 1084 Italia:
1607 1041 1770 1099 pericli-

373 1106 549 1147 tantibus
576 1106 772 1147 adsisteret
794 1124 801 1146 :
828 1109 920 1148 cum
948 1108 990 1146 in
1023 1105 1219 1162 plerisque
1244 1105 1403 1158 judiciis
1431 1107 1611 1148 crederet
1637 1121 1767 1163 popu—

372 1168 434 1210 lus
461 1171 671 1211 Romanus
697 1168 763 1210 sua
791 1169 975 1210 interesse
1002 1170 1097 1223 quid
1126 1168 1382 1221 judicaretur.
1406 1171 1511 1211 Satis
1541 1170 1693 1210 constat
1720 1169 1770 1209 C.

374 1233 643 1283 Cornelium,
680 1237 722 1274 δε
755 1234 816 1274 Μ.
850 1235 1074 1283 Scaurum,
1105 1237 1145 1274 ὃ(
1181 1234 1231 1274 Τ.
1259 1232 1493 1284 Milonem,
1523 1233 1565 1274 δέ
1594 1233 1643 1273 L.
1671 1232 1771 1272 Bes-

371 1298 469 1337 tiam
494 1302 538 1347 4,
567 1301 607 1337 ὅ(
629 1297 671 1337 Ρ.
694 1297 904 1339 Vatinium
921 1326 934 1347 ,
965 1296 1165 1337 concursu
1191 1298 1314 1337 totius
1341 1298 1515 1338 civitatis
1539 1300 1580 1336 &
1607 1295 1770 1336 accusa-

374 1373 438 1401 tos
458 1363 498 1400 &
521 1359 704 1400 defensos
725 1377 732 1399 :
754 1373 800 1400 ut
818 1359 1087 1415 frigidissimos
1110 1375 1269 1414 quoque
1289 1374 1465 1401 oratores
1480 1390 1492 1411 ,
1515 1359 1598 1416 ipsa
1620 1372 1772 1400 certan-

372 1424 423 1463 tis
444 1421 586 1479 populi
606 1423 728 1464 studia
743 1452 756 1472 ,
779 1424 955 1464 excitare
979 1427 1020 1464 ὃς
1044 1423 1260 1464 incendere
1282 1425 1499 1479 potuerint.
1519 1424 1659 1476 Itaque
1680 1423 1770 1462 her-

376 1484 468 1526 cule
490 1484 687 1537 ejusmodi
705 1484 796 1526 libri
818 1488 995 1537 exstant,
1017 1500 1062 1526 ut
1087 1486 1157 1542 ipsi
1176 1501 1359 1542 quoque,
1381 1488 1449 1541 qui
1468 1498 1663 1542 egerunt,
1686 1500 1779 1526 non·

374 1548 461 1589 aliis
489 1550 614 1603 magis
639 1543 887 1591 orationibus
915 1550 1163 1590 censeantur.

436 1611 535 1652 XL.
570 1612 669 1655 JAM
695 1614 792 1653 vero
819 1614 1049 1654 concionesv
1065 1612 1242 1663 assiduae,
1270 1616 1312 1654 ὅ(
1334 1612 1470 1654 datum
1493 1609 1553 1664 jus
1576 1611 1771 1668 potentis-

374 1674 514 1716 fimum
543 1689 741 1730 quemque
769 1676 968 1728 vexandi,
1003 1690 1121 1730 atque
1160 1676 1244 1733 ipsa
1275 1677 1578 1718 inimicitiarum
1611 1673 1771 1730 gloria,

413 1802 421 1815 ¹
447 1800 633 1830 Aunrroam
657 1809 696 1828 ετ
717 1809 892 1830 maumam
915 1799 989 1836 ]De
1001 1808 1053 1829 au-
1092 1798 1256 1835 emendat,
1270 1806 1405 1833 patrono:
1426 1796 1481 1827 Cl..
1493 1797 1530 1828 de
1546 1796 1575 1827 la
1589 1796 1771 1835 Monnoye2

375 1838 498 1868 ditoriis
519 1839 581 1876 jam
599 1840 699 1869 actum
718 1838 806 1878 supra
824 1849 890 1878 cap.
913 1850 932 1874 9
953 1839 987 1869 ὃ(
1004 1849 1051 1876 34.
1089 1838 1226 1875 pan-onis.
1256 1837 1353 1868 Forte
1377 1844 1500 1873 tamen,
1531 1836 1773 1880 obtverborum

373 1878 541 1908 Tabularia
555 1880 647 1914 vero,
664 1879 735 1908 loca
750 1886 854 1914 erant,
868 1877 923 1908 ubi
940 1878 1052 1908 tabulae
1091 1886 1276 1916 compagem
1290 1901 1298 1913 ‚
1324 1886 1392 1916 quae
1410 1876 1465 1905 vix
1482 1884 1692 1906 mutationem
1716 1885 1772 1913 pa-

374 1927 494 1956 aeraque
517 1917 639 1955 publica
655 1917 916 1953 adservabantur,
939 1917 1052 1956 quibus

374 1957 475 1995 leges,
495 1956 595 1987 forma
610 1966 754 1995 agrorum
767 1981 775 1994 ,
795 1957 917 1996 aliaque
940 1957 972 1986 id
996 1967 1051 1996 ge-

376 2005 431 2025 nus
448 1996 709 2034 continebantur,
726 2007 855 2036 quaeque
871 1998 903 2026 in
922 2004 1053 2027 con-tro-

374 2035 479 2065 verfiis
499 2035 762 2074 inspiciebantur,
785 2045 819 2067 ut
840 2036 948 2066 videre
965 2035 1052 2066 estin

374 2074 487 2112 Digest.
502 2075 571 2104 libr.
586 2077 726 2106 XLVIII.
739 2075 803 2106 Tit.
824 2086 869 2114 ¹3·
890 2076 937 2105 Ad
952 2075 1052 2114 legem

373 2113 488 2143 Juliam
512 2114 683 2145 Peculatus.
701 2116 777 2154 Leg.
802 2117 830 2146 8.
855 2115 893 2146 de
911 2114 1051 2145 Tabulis.

375 2153 470 2183 Porro
502 2153 533 2182 in
564 2153 609 2183 his
638 2154 802 2184 auditoriis
830 2155 864 2185 ὃς
894 2154 1052 2184 tabulariis

376 2192 469 2222 causae
487 2192 738 2230 explicabantur,
752 2203 819 2224 non
834 2194 909 2224 vero
925 2195 1053 2224 oraban-

378 2239 436 2261 tur.
451 2233 494 2261 Ac
509 2232 640 2269 proinde
661 2233 762 2262 nullus
783 2233 972 2272 eloquentiae
991 2233 1052 2262 im-

377 2279 484 2308 petus,
504 2271 604 2300 nullus
620 2272 724 2306 calor,
745 2271 836 2311 vigor
854 2273 973 2302 nullus:
993 2273 1054 2312 qua

378 2309 416 2379 {le
431 2309 551 2378 renvide
567 2310 819 2349 elegantissimam
831 2311 923 2342 Plinii
945 2311 1053 2350 episto-

394 2359 443 2379 am
495 2373 503 2385 ,
530 2360 575 2386 19.

417 2393 431 2408 ²¹
453 2389 619 2421 PArRouus
641 2400 763 2422 iunicu-
784 2395 795 2426 ]
817 2391 866 2422 Cl.
885 2389 1051 2428 Morabin,

1092 1917 1166 1948 titur
1179 1940 1188 1953 ,
1208 1916 1288 1946 nihil
1305 1915 1354 1946 hic
1379 1924 1495 1954 peccat.
1523 1915 1582 1945 Sed
1603 1923 1772 1953 patronus,

1092 1956 1145 1996 qui
1169 1955 1289 1986 causam
1311 1955 1501 1994 praecipitare
1519 1954 1671 1989 volebat,
1695 1963 1772 1992 pro-

1091 1995 1274 2027 bationibus
1287 1995 1321 2026 ὃς
1334 1994 1477 2030 testibus,
1497 1993 1580 2033 quasi
1597 1993 1684 2023 causai
1702 1992 1772 2022 satis

1092 2035 1219 2075 cognita
1232 2058 1241 2071 ,
1261 2045 1318 2065 nec
1342 2033 1563 2073 refragantibus
1593 2032 1771 2071 judicibus,

1093 2074 1249 2106 silentium
1266 2073 1438 2104 indicebat.

1132 2120 1142 2142 3
1167 2116 1318 2144 Ansisri‘r
1332 2115 1345 2151 ]
1361 2113 1482 2143 Contra
1497 2111 1573 2142 vero
1589 2110 1667 2140 olim
1682 2109 1770 2140 audi-

1091 2154 1209 2185 torium
1221 2154 1338 2192 semper
1350 2153 1477 2191 plenum
1487 2175 1495 2187 ‚
1508 2151 1625 2188 semper
1634 2158 1772 2184 novum,

1092 2202 1125 2224 ut
1140 2193 1275 2223 vidimus
1292 2192 1377 2230 supra
1393 2201 1460 2228 cap.
1481 2200 1527 2233 ΞΑ..
1566 2229 1572 2233 ¹
1675 2227 1682 2233 ⁴

1130 2238 1145 2256 4
1167 2234 1204 2262 L.
1226 2232 1392 2267 Brsrmm]
1408 2232 1519 2260 Oratio
1535 2230 1698 2259 Ciceronis
1712 2236 1770 2264 pro

1092 2273 1129 2302 L.
1151 2270 1246 2302 Bestia
1261 2269 1370 2309 periit:
1393 2277 1522 2305 ceterae,
1544 2279 1610 2308 quae
1632 2267 1680 2296 hic
1700 2276 1770 2296 me-

1092 2318 1278 2345 morantur,
1311 2308 1362 2338 veI
1389 2308 1528 2343 mutilae,
1557 2307 1609 2337 vel
1637 2305 1770 2336 refeetae.

1092 2350 1156 2380 Una
1188 2348 1221 2378 in
1246 2348 1408 2379 Vatinium
1433 2347 1528 2378 exstat
1556 2346 1688 2385 integra.
1724 2345 1772 2374 De

1092 2388 1236 2421 oratione
1266 2398 1323 2428 pro
1348 2386 1447 2419 Bestia
1478 2386 1552 2418 vide
1580 2386 1772 2418 Ciceronem

1799 800 1849 830 10

1796 1432 1854 1460 20
