1952 2708
282 159 369 200 AD
402 154 759 213 DIAJLOGUM
791 157 874 197 DE
908 158 1343 203 ORATORIBUS.
1435 177 1517 214 243

143 249 232 272 cenos
257 237 506 289 quinquagenos,
534 233 684 288 Gallicae
706 243 861 287 monetce
881 232 989 287 ‘libras
1023 246 1118 288 194,
1146 237 1209 272 ΜΓ.
1235 237 1449 275 vindobon.
1476 238 1521 275 In

144 296 297 339 nummis
319 293 388 338 tres
410 282 631 320 celebrantur
654 294 726 329 ejus
750 281 989 318 liberalitates.
1015 283 1107 318 Vide
1132 296 1295 337 nummos
1318 287 1414 336 apud
1432 287 1521 324 Hat-

146 333 314 374 duinum,
340 332 427 368 1b1d.
452 345 534 382 pag.
563 333 650 380 814.
673 334 706 368 &
731 331 789 367 Cl.
816 331 859 368 de
881 331 1002 374 Boze‚
1025 331 1098 368 loc.
1122 343 1182 368 cit.
1206 345 1287 383 pag.
1314 348 1401 384 247.

196 430 303 468 SEV
316 432 344 466 Ε
357 430 465 467 RUS
494 430 602 467 ALE
616 429 858 466 XANDER
883 431 1045 475 congiaria
1075 431 1161 466 dedic
1185 431 1328 467 denarios
1339 433 1488 480 sexcenos
1505 465 1517 481 ‚

144 480 296 517 Gallieae
319 491 472 517 monetae
495 480 602 516 libras
624 481 728 530 466,
757 479 826 515 Ms.
856 478 1068 516 vindobon.
1097 479 1269 529 Quinque
1292 483 1364 529 ejus
1388 483 1519 520 libera‘·

142 530 260 567 litates
282 541 508 567 numerantur
533 530 571 565 in
596 531 747 567 nummis
764 557 772 572 ‚
799 541 890 579 quos
915 528 997 566 vide
1026 529 1122 578 apud
1145 529 1395 576 Harduinum‚
1427 533 1516 571 ibid.

143 592 226 629 pag.
252 582 325 628 819
354 583 387 616 &
412 580 508 630 seqq.
533 583 566 616 δε
592 580 648 616 Cl.
674 579 717 617 de
741 580 861 624 Boze,
889 578 963 616 100.
985 579 1046 615 cit.
1071 590 1152 628 pag.
1177 592 1264 629 247.

192 676 540 714 MAXIMINUS
579 679 775 726 congiarium
808 678 894 714 dedit
917 677 1060 714 denarios
1088 690 1227 714 centenos
1259 680 1489 728 quinquagenos
1508 705 1519 721 ,

143 728 293 763 Gallicae
316 737 469 763 monetae
486 726 592 762 libras
615 740 629 763 1
641 728 687 764 16
700 755 711 771 ‚
739 727 806 763 Ms.
824 726 1037 764 Vindobon.
1056 728 1175 764 Exstat
1193 741 1338 778 quoque
1357 728 1395 763 iu
1416 741 1520 764 num-

143 777 209 813 mis
232 777 320 812 illud
341 777 586 826 congiarium,
612 777 696 814 teste
719 776 777 813 Cl.
806 777 849 813 de
875 776 996 822 Boze,
1021 778 1093 815 100.
1120 778 1179 814 cit.
1207 791 1289 827 pag.
1317 790 1405 827 247.

197 875 505 912 GORDIANI
533 876 606 912 duo
623 905 632 920 ‚
655 889 784 925 nempe
807 877 1012 914 Gordianus
1032 877 1150 913 senior
1172 877 1314 927 ejusque
1341 876 1456 920 filius,
1479 876 1518 913 in

142 925 296 975 quadarn
317 926 537 975 principatus
560 926 716 976 imagine
736 925 893 962 exstincti
918 927 1021 971 sunt,
1046 927 1246 964 Herodian.
1275 927 1365 972 VII,
1394 939 1431 973 9.

197 1023 497 1062 PUPIENUS
526 1028 559 1061 δε
586 1024 806 1061 BALBIN
820 1024 890 1061 US
913 1028 1107 1074 congiarium
1129 1027 1279 1061 dederunt
1300 1027 1444 1061 denarios
1465 1026 1520 1061 du-

141 1088 229 1111 cenos
247 1077 499 1124 quinquagenos,
527 1075 680 1112 Gallica:
698 1086 852 1111 monetae
869 1073 975 1110 libras
997 1087 1071 1122 194
1085 1103 1095 1119 ,
1116 1075 1182 1111 Ms.
1202 1076 1412 1112 Vindobon.
1431 1075 1522 1112 Inde

142 1125 181 1160 in
206 1125 358 1160 nummis
384 1136 458 1160 turn
486 1124 661 1172 Pupieni,
687 1135 761 1160 tum
786 1123 953 1167 Balbini,
983 1124 1308 1162 LIBERALITAS
1339 1125 1522 1162 AVGVS-

144 1174 343 1212 TORVM.
371 1174 464 1211 Vide
487 1178 520 1210 &
545 1173 601 1210 CI.
631 1173 674 1210 de
702 1175 821 1215 Boze,
860 1174 933 1209 loc.
958 1174 1018 1210 cit.
1050 1187 1131 1224 pag.
1165 1188 1252 1223 247.
1281 1176 1399 1210 Immo
1438 1175 1521 1210 cum

143 1224 368 1267 Gordianus,
381 1223 424 1259 de
438 1237 510 1273 quo
524 1237 608 1259 mox
623 1223 778 1267 dicetur,
791 1222 904 1258 fuisset
919 1235 1064 1273 quoque
1081 1224 1278 1272 appellatus
1291 1218 1519 1273 Augustus‚in

143 1286 217 1309 uno
240 1287 259 1310 e
282 1273 433 1322 Pupieni
458 1274 607 1309 nummis
625 1286 700 1308 non
722 1272 831 1309 modo
850 1272 979 1320 legitur
997 1273 1327 1309 LIBERALITAS
1344 1273 1521 1310 AVGVS-

143 1323 327 1360 TORVM
351 1324 418 1358 SC.
442 1322 501 1358 sed
527 1322 577 1358 ibi
602 1334 746 1372 quoque
771 1332 838 1358 tres
863 1321 985 1358 sedent
1011 1322 1162 1372 Augusti
1178 1349 1188 1366 ‚
1220 1323 1398 1373 Pupienus
1422 1322 1522 1359 scili-

144 1383 223 1415 cet,
249 1372 418 1408 Balbinus
443 1375 476 1408 ὃς
503 1372 719 1408 Gordianus.

196 1472 230 1507 G
241 1472 276 1508 O
286 1472 315 1508 R
328 1472 363 1507 D
374 1472 391 1507 Ι
401 1472 431 1507 A
443 1471 523 1507 NU
533 1473 555 1506 S
570 1496 578 1512 ‚
597 1470 773 1506 Gordiani
800 1483 914 1519 nepos
924 1498 933 1513 ‚
949 1472 1109 1516 congiaria
1124 1470 1209 1505 dedit
1223 1471 1368 1506 denarios
1386 1481 1521 1505 trecenos

144 1525 391 1570 quinquagenos,
406 1521 557 1557 Gallicae
572 1531 725 1556 monetae
740 1520 845 1555 libras
861 1533 935 1566 272
949 1547 958 1561 ,
973 1520 1037 1555 Ms.
1053 1519 1267 1557 vindobon.
1283 1519 1325 1555 In
1338 1521 1410 1563 eius
1423 1532 1520 1554 num-

142 1571 208 1606 mis
225 1570 451 1607 liberalitates
473 1570 630 1620 quinque
649 1569 780 1618 reperit
800 1569 855 1606 Cl.
874 1569 918 1605 de
932 1571 1028 1605 Boze
1045 1596 1054 1612 ,
1070 1568 1142 1604 loc.
1160 1569 1219 1605 cit.
1243 1582 1324 1619 pag.
1344 1564 1431 1616 247.
1448 1567 1522 1603 Pri-

143 1633 201 1656 ma
226 1620 307 1656 san‘e
321 1620 387 1656 fuit
402 1648 411 1664 ,
436 1620 480 1656 de
495 1619 565 1668 qua
578 1619 679 1667 supra
693 1619 823 1655 dictum
839 1619 887 1655 est
908 1619 971 1654 sub
987 1619 1162 1667 Pupieno.
1174 1617 1274 1655 Patet
1289 1631 1331 1655 ex
1349 1618 1413 1654 ΜΓ.
1431 1617 1522 1652 Vin-

145 1669 343 1705 dobonenfi
377 1670 438 1705 has
473 1668 650 1705 Gordiani
675 1669 885 1717 largitiones
913 1668 1089 1704 historicis
1111 1680 1186 1704 non
1222 1667 1320 1705 fuiffe
1353 1667 1494 1718 ignotas
1508 1693 1521 1711 ,

144 1729 184 1754 ut
205 1719 417 1756 existimavit
444 1717 651 1755 Harduinus
663 1744 672 1760 ‚
697 1718 770 1755 100.
797 1719 859 1754 cit.
886 1731 967 1768 pag.
997 1720 1084 1765 829.

199 1816 467 1854 PHILIPPI
494 1817 590 1861 duo,
625 1816 812 1866 Philippus
844 1826 944 1865 pater
980 1819 1013 1852 δε
1039 1816 1132 1851 filius
1147 1842 1156 1858 ‚
1186 1817 1347 1863 congiaria
1371 1815 1521 1849 dederunt

146 1866 289 1901 denarios
306 1879 439 1903 trecenos
454 1871 683 1916 quinquagenos
696 1895 706 1910 ,
734 1866 883 1902 Gallicae
910 1876 1065 1901 monetae
1091 1865 1198 1900 libras
1214 1877 1289 1911 272
1302 1892 1312 1907 ‚
1329 1863 1395 1898 Ms.
1427 1864 1520 1901 Vin-

148 1915 287 1953 dobon.
310 1918 396 1953 Tres
423 1918 503 1953 sunt
524 1917 562 1952 in
589 1930 713 1954 eorum
728 1915 878 1952 nummis
904 1914 1144 1952 liberalitates.

180 2004 422 2029 ALEXANDER
456 2006 515 2037 imp.
541 2015 597 2030 ann.
630 2016 687 2030 xiii.
710 2014 742 2029 m.
756 2014 814 2029 vm.
852 2006 933 2039 Cong.
954 2003 1018 2028 dedit
1037 2014 1051 2028 x
1065 2012 1102 2028 ci..
1134 2005 1187 2027 Hoc
1205 2003 1260 2034 imp.
1277 2010 1364 2034 magna
1385 2009 1465 2034 pugna
1477 2001 1522 2027 fuit

148 2038 170 2062 d.
183 2049 218 2062 ix.
231 2041 310 2071 Coug.
322 2039 385 2062 dedit
397 2049 412 2063 x
424 2047 464 2063 De.
476 2041 529 2063 Hoc
540 2041 599 2071 imp.
616 2040 660 2064 fui:
672 2039 797 2072 polyfagus
808 2057 814 2066 ,
853 2048 906 2063 cum
917 2039 1032 2062 Romanis
1047 2041 1070 2062 Sc
1082 2039 1240 2061 Praezorianis.
1252 2037 1348 2060 Occisus
1360 2035 1477 2067 Aquilcic'i.

148 2074 248 2096 natione
268 2073 342 2096 Italus
352 2091 359 2100 ,
381 2075 422 2105 qui
439 2073 590 2097 manducavit
602 2082 676 2105 pauca
688 2091 694 2101 ,
717 2074 797 2097 cistam
808 2090 814 2099 ‚
887 2073 937 2095 DU
947 2073 970 2096 O
1001 2073 1054 2095 GO
1065 2072 1133 2094 RDI
1142 2071 1211 2094 ANI
1233 2072 1290 2101 imp.
1305 2069 1351 2093 dies
1374 2078 1417 2093 xx.
1435 2069 1521 2092 Exces-

148 2106 249 2129 lactucas
259 2124 264 2133 ‚
287 2107 411 2130 vascellum
425 2108 583 2130 Sardinarium
595 2125 601 2135 ,
614 2107 695 2131 Sardas
707 2116 722 2131 x
737 2124 744 2134 ‚
765 2115 813 2130 me-
854 2108 932 2130 serunt
944 2106 1035 2129 Africae.

147 2139 280 2171 lopeponcs
292 2149 343 2164 Lxx
357 2158 363 2167 ,
385 2140 454 2164 tallos
465 2140 493 2164 de
506 2141 576 2172 scopi
586 2141 677 2172 palmei
694 2159 701 2168 ‚
722 2148 816 2172 mappas
888 2141 931 2162 PU
941 2140 980 2162 PE
989 2140 1030 2162 NI
1039 2139 1080 2162 US
1105 2140 1128 2162 δε
1159 2136 1227 2160 BAL
1236 2137 1252 2159 B
1261 2137 1328 2173 INq
1337 2137 1350 2159 S
1388 2136 1445 2167 imp.
1475 2135 1523 2159 dies

148 2182 189 2197 11¹1
202 2191 208 2200 ‚
239 2182 308 2205 panes
329 2175 450 2198 castrenses
473 2184 513 2198 1111
526 2192 532 2201 ,
553 2175 632 2198 cistam
647 2192 652 2202 ,
670 2173 752 2198 cardos
764 2182 817 2198 tum
857 2183 926 2197 xcix.
939 2174 1019 2205 Cong.
1031 2172 1144 2196 dederunt
1159 2181 1172 2195 x
1187 2179 1240 2194 εει.
1253 2171 1329 2194 Occili
1342 2171 1433 2193 Romae.

148 2207 198 2230 suas
213 2207 253 2230 fibi
265 2209 339 2238 spinas
355 2211 378 2232 δε
396 2209 467 2231 ebibit
489 2210 569 2232 vinum
590 2209 755 2232 Graecanicum
771 2208 818 2238 ple·
891 2207 1133 2231 GORDIANUS
1162 2207 1218 2236 imp.
1243 2212 1300 2228 ann.
1325 2213 1349 2227 v.
1367 2212 1397 2227 m.
1421 2212 1444 2227 v.
1464 2202 1485 2226 d.
1498 2211 1522 2225 v,

150 2241 202 2264 nius
213 2258 219 2268 ›
241 2243 264 2266 δέ
276 2243 341 2265 venit
352 2241 381 2265 ad
392 2243 505 2273 templum
516 2244 603 2266 Saturae
614 2245 636 2266 ὃς
648 2242 818 2265 ebibitlabrum
857 2242 937 2273 Cong.
950 2240 1013 2265 dedit
1035 2250 1049 2264 x
1060 2248 1128 2263 cccc.
1150 2240 1203 2262 Hoc
1222 2239 1277 2269 imp.
1289 2238 1353 2261 mula
1364 2238 1472 2261 homines
1483 2245 1524 2260 co-

151 2274 247 2305 plenum
258 2292 264 2302 ,
284 2278 307 2299 &
320 2275 395 2299 adhuc
408 2277 507 2300 esuriens
519 2275 561 2299 effe
573 2276 702 2299 Videbatur.
723 2277 751 2298 Et
772 2283 817 2298 tet·
858 2275 937 2299 medit.
948 2275 1059 2307 Agoncm
1071 2275 1182 2297 Minerva:
1195 2272 1305 2296 instituit.
1326 2271 1424 2295 Exceffit
1440 2270 1526 2294 finibus

152 2315 195 2330 mz
208 2308 373 2333 Alexandrinae
383 2309 494 2334 dedicatae
504 2312 564 2334 sunt.
584 2309 718 2333 Alexander
731 2310 819 2333 occisus
859 2309 963 2332 Parthiae.

152 2341 315 2372 Mossuntiaco-
892 2343 942 2365 Du
951 2343 974 2365 o
1005 2342 1021 2364 P
1030 2342 1051 2364 n
1060 2342 1115 2364 ιιι
1124 2341 1184 2364 PPI
1213 2339 1287 2371 impp.
1314 2347 1370 2363 ann.
1402 2347 1426 2363 v.
1448 2346 1480 2360 m.
1503 2343 1529 2359 v.

189 2375 420 2402 MAXIMINUS
438 2377 493 2408 imp.
506 2384 563 2400 ann.
574 2385 613 2402 111.
625 2385 656 2402 m.
668 2385 707 2401 ιιι.
717 2376 741 2401 d.
752 2376 820 2402 duos.
860 2376 882 2400 d.
903 2385 978 2402 xxix.
1000 2376 1080 2408 Cong.
1105 2374 1221 2398 dederunt
1241 2383 1255 2397 x
1266 2381 1336 2397 cccx..
1365 2373 1397 2396 Hi
1418 2371 1530 2395 sotulares

1161 2428 1246 2470 Hb.
1269 2426 1296 2479 ij
