1952 2708
393 166 732 210 DIALOGUS
766 166 849 207 DE
883 167 1319 214 ORATORIBUS.
1471 189 1552 225 127

163 265 233 307 per
251 262 389 290 omnes
410 248 492 288 dies
507 276 520 297 ,
543 244 687 301 magna
711 247 888 286 noctium
910 261 1018 301 parte
1035 278 1047 298 ,
1077 265 1200 290 unum
1224 252 1370 294 librum
1395 256 1553 298 extudit

163 318 203 354 ὅ(
225 310 503 359 elucubravit,
536 323 678 364 rogare
705 307 812 349 ultro
842 315 852 331 ¹
887 313 927 349 ὃ(
966 310 1116 350 ambire
1148 328 1342 366 cogatur,
1371 331 1415 357 ut
1442 319 1515 360 sint
1536 349 1551 370 ,

163 376 230 429 qui
250 375 466 429 dignentur
487 373 643 414 audire:
666 376 706 413 ὃ(
728 387 778 412 ne
798 371 837 412 id
864 372 1025 425 quidem
1048 376 1189 428 gratiS:
1214 391 1304 416 nam
1327 382 1366 417 ὅ(
1386 380 1551 422 domum

160 451 392 488 mutuatur,
421 441 462 477 ὅ(
487 437 729 478 auditorium
754 437 942 486 exstruit,
973 441 1013 478 ὅ(
1042 437 1227 478 subsellia
1255 441 1449 482 conducit
1466 474 1478 493 ‚
1509 449 1550 485 ὃς

112 516 136 556 5
161 499 322 541 libellos
346 500 558 557 dispergit:
589 505 628 541 ὃς
652 513 696 540 ut
718 498 956 540 beatissimus
979 502 1260 542 recitationem
1281 501 1363 554 ejus
1382 519 1550 548 eventus

161 564 420 620 prosequatur
436 594 448 614 ,
478 565 608 605 omnis
633 561 702 603 illa
728 562 813 603 laus
845 565 946 604 intra
972 579 1097 604 unum
1121 579 1188 606 aut
1218 565 1387 606 alterum
1413 569 1516 610 diem
1534 599 1550 620 ,

160 626 273 668 velut
296 629 338 667 in
365 626 484 668 herba
514 625 582 668 vel
607 627 706 668 flore
734 640 954 683 praecepta,
984 627 1033 668 ad
1060 626 1212 668 nullam
1240 642 1390 670 certam
1416 635 1456 670 ὃ(
1485 633 1550 673 so-

159 688 283 731 lidam
310 691 492 746 pervenit
517 691 698 745 frugem:
730 705 806 731 nec
835 704 903 731 aut
937 692 1154 732 amicitiam
1186 692 1279 734 inde
1304 693 1452 743 refert,
1482 709 1549 736 aut

160 752 417 804 clientelam,
443 767 510 794 aut
535 754 762 794 mansurum
790 755 831 793 in
856 755 991 794 animo
1016 753 1247 808 cujusquam
1276 755 1517 797 beneficium
1535 788 1550 809 ‚

86 831 137 858 10
161 816 229 857 sed
251 816 468 858 clamorem
493 832 666 872 vagum,
697 821 737 858 ὅ(
763 832 886 858 voces
906 819 1068 868 inanes,
1095 822 1134 858 &
1155 819 1344 873 gaudium
1367 819 1548 863 volucre.

158 880 429 921 Laudavimus
456 896 582 936 nuper
600 910 614 931 ,
643 893 687 921 ut
714 882 856 920 miram
897 885 937 921 &
973 882 1160 921 eximiam
1188 883 1415 938 Vespasiani
1444 883 1549 925 libe-

159 943 378 993 ralitatem,
396 945 504 998 quod
525 945 743 998 quingenta
760 944 930 984 sestertia
953 947 966 964 ²
985 944 1100 984 Basso
1118 945 1308 986 donasset.
1326 945 1545 988 Pulchrum

159 1007 201 1046 id
229 1007 388 1060 quidem
406 1037 417 1056 ‚
452 1006 746 1061 indulgentiam
775 1008 970 1062 Principis
1000 1008 1165 1062 ingenio
1195 1011 1361 1050 mereri:
1395 1013 1546 1063 quanto

158 1082 294 1110 tamen
321 1069 554 1125 pulchrius,
583 1070 608 1109 s1
634 1071 688 1110 ita
715 1085 775 1110 res
803 1070 1005 1111 familiaris
1026 1073 1185 1126 exigat,
1216 1073 1254 1113 se
1281 1073 1408 1128 ipsum
1436 1073 1547 1115 cole-

87 1147 132 1186 15
158 1147 199 1172 re
224 1137 234 1161 ³
252 1162 264 1182 ,
287 1133 399 1173 suum
420 1135 627 1188 ingenium
648 1134 863 1189 propitiare
877 1163 889 1182 ,
911 1134 1019 1173 suam
1043 1136 1212 1189 experiri
1233 1135 1514 1177 liberalitatem
1532 1140 1547 1176 ἓ

157 1193 304 1246 Adjice
340 1197 448 1250 quod
474 1197 630 1252 poetis,
669 1197 695 1235 ss
728 1196 852 1236 modo
880 1196 1046 1251 dignum
1079 1196 1228 1251 aliquid
1264 1197 1466 1240 elaborare
1505 1204 1544 1241 δε

158 1258 318 1299 efficere
340 1259 467 1299 velint
482 1289 493 1309 ,
515 1259 777 1313 relinquenda
797 1259 1049 1300 conversatio
1071 1262 1290 1300 amicorum
1306 1292 1318 1311 ,
1339 1266 1378 1302 ὅ(
1398 1260 1546 1314 jucun-

158 1322 258 1362 ditas
285 1321 426 1372 Urbis,
465 1322 681 1362 deserenda
712 1335 842 1362 cetera
874 1321 1008 1362 officia
1025 1353 1036 1372 ,
1063 1337 1184 1376 litque
1207 1325 1275 1378 ipsi
1301 1325 1468 1375 dicunt,
1502 1327 1546 1366 isz

156 1399 314 1423 nemora
341 1387 391 1423 ⁶⁶6
417 1387 552 1435 lucos,
580 1385 621 1425 id
647 1386 727 1435 est,
757 1386 798 1424 in
824 1384 1078 1426 solitudinem
1108 1386 1376 1427 recedendum
1405 1390 1457 1428 est
1483 1394 1514 1429 4.

78 1463 134 1490 20
221 1447 273 1488 X.
307 1450 379 1488 NE
400 1450 540 1504 opinio
561 1448 722 1502 quidem
743 1452 783 1489 ὅ(
802 1448 906 1489 fama
923 1479 935 1498 ,
966 1451 1031 1489 cui
1051 1448 1125 1489 soli
1146 1449 1347 1502 serviunt,
1373 1455 1411 1492 ὅ(
1437 1452 1547 1506 quod

157 1525 281 1551 unum
306 1511 381 1551 esse
407 1513 578 1567 pretium
611 1513 740 1552 omnis
768 1511 825 1551 sui
855 1511 1001 1552 laboris
1031 1512 1231 1564 fatentur,
1270 1515 1378 1568 aeque
1406 1529 1545 1570 poetas

155 1573 272 1628 quam
305 1589 481 1616 oratores
512 1575 708 1629 sequitur:
739 1576 929 1629 quoniam
963 1576 1186 1618 mediocres
1219 1591 1354 1632 poetas
1383 1582 1394 1608 5
1423 1593 1545 1619 nemo

155 1639 298 1687 novit,
329 1637 456 1679 bonos
480 1639 609 1694 pauci.
634 1638 811 1694 Quando
833 1641 940 1679 enim
960 1639 1234 1680 rariffiznarum
1258 1642 1544 1682 recitationum

153 1700 258 1741 fama
280 1703 320 1741 in
345 1715 471 1742 totam
490 1702 640 1742 Urbem
665 1705 874 1759 penetrat?
900 1703 1046 1744 nedum
1071 1718 1114 1744 nt
1138 1719 1208 1760 per
1231 1717 1292 1744 tot
1315 1706 1544 1760 provincias

78 1774 129 1814 25
154 1764 393 1806 innotescat.
416 1767 578 1820 Quotus
602 1767 765 1820 quisque
780 1797 792 1815 ,
826 1769 917 1807 cum
939 1782 989 1807 ex
1011 1766 1232 1822 Hispania,
1255 1767 1321 1808 vel
1349 1767 1435 1808 Afia
1452 1798 1464 1818 ,
1494 1783 1545 1809 ne

156 1828 250 1880 quid
272 1828 320 1869 de
349 1828 479 1870 Gallis
507 1831 646 1870 nostris
671 1829 911 1884 loquamur,
939 1831 981 1871 in
1008 1830 1156 1871 Urbem
1196 1832 1333 1881 venit,
1365 1831 1544 1872 Saleium

871 1978 970 2013 tiate,
1004 1977 1245 2017 beneficumque
1278 1979 1421 2018 experiri.
1448 1980 1543 2011 Forte

156 2017 249 2054 quam
262 2017 393 2056 rogandi
409 2019 633 2058 ambiendique
652 2019 810 2050 auditores
823 2043 830 2055 ,
872 2027 974 2048 tamen
1000 2018 1151 2047 redundat
1166 2042 1174 2053 ,
1190 2019 1270 2056 δ[ἱιιυιε
1291 2029 1430 2057 ing-eninm
1451 2020 1544 2055 propi—

155 2066 223 2094 quae
250 2055 332 2086 foret
359 2066 468 2086 eorum
490 2057 603 2088 desidia
628 2059 661 2089 ὃς
691 2059 832 2097 superbia
872 2059 951 2086 nare.
978 2058 1057 2087 Vide
1078 2058 1176 2087 Notas
1196 2058 1484 2089 &Emendationes
1503 2059 1543 2089 ad

157 2096 253 2125 docet
269 2095 487 2134 elegantissima
500 2097 613 2134 Plinii,
633 2099 645 2127 1
659 2121 669 2135 ‚
685 2108 717 2135 13
732 2121 740 2134 ,
752 2098 831 2136 cpis-
872 2107 937 2134 cap.
955 2107 984 2131 9.

156 2134 232 2165 tola.
911 2141 925 2158 4
943 2136 1160 2164 chEDrNDUM
1181 2137 1261 2173 EST]
1285 2136 1395 2167 Melius
1412 2136 1544 2175 seceden-

195 2178 207 2191 2
237 2175 426 2210 QmNGENTA
459 2184 629 2205 srsrrarm
653 2176 668 2211 ]
704 2175 833 2206 Gallica:
873 2173 934 2203 dum
953 2174 1009 2213 est,·
1030 2183 1062 2203 ut
1085 2173 1164 2204 infra
1190 2185 1255 2214 cap.
1285 2186 1330 2206 12.
1355 2175 1461 2206 Secedit
1475 2176 1543 2206 ani-

157 2221 291 2243 monetae
312 2213 406 2244 libras
420 2217 546 2253 97‚265.
873 2223 933 2242 mus
953 2214 979 2242 isi
1004 2213 1063 2241 lota
1077 2224 1156 2249 pista.

198 2258 207 2278 ³
236 2255 272 2282 SE
291 2263 382 2283 Ipsum
405 2254 552 2289 cottae]
583 2254 709 2290 Quanto
729 2263 834 2284 tamen
914 2259 922 2280 5
954 2254 1140 2283 Mmiocizts
1181 2255 1320 2291 Porus]
1356 2257 1435 2286 Vere
1459 2254 1543 2285 enim

873 2292 1036 2328 Horatius,
1052 2292 1085 2321 in
1097 2294 1170 2322 Arte
1184 2292 1324 2330 poetica,
1343 2295 1419 2324 vers.
1437 2305 1506 2331 372.

1166 2342 1324 2366 Mediocrit'us
1347 2344 1385 2373 effe
1403 2343 1476 2373 pveris

906 2374 963 2400 Non
974 2375 1052 2403 hemo,
1063 2383 1108 2400 mn
1118 2373 1142 2400 di
1153 2392 1160 2405 ‚
1180 2384 1226 2400 non
1235 2378 1358 2408 conceffire
1372 2377 1491 2402 columna:-

195 1982 202 1995 ¹
228 1977 359 2008 Rocmoe
383 1981 514 2017 omno]
541 1979 582 2009 Iis
613 1979 831 2019 temporibus,

158 2291 313 2329 pulchrius
334 2317 343 2329 ,
360 2292 380 2321 fi
406 2293 448 2323 ita
463 2303 508 2322 res
532 2293 692 2323 familiaris
711 2293 833 2331 exigat,

159 2329 188 2372 se
210 2330 309 2372 *ipsum
321 2332 446 2364 colere.
468 2332 552 2362 suum
577 2332 738 2371 ingenium
758 2344 833 2371 pto-

160 2377 268 2406 pitiate
289 2393 298 2406 ‚
327 2371 409 2401 suam
435 2371 569 2410 experiri
589 2372 807 2402 liberalitatem
824 2396 832 2408 ‚

159 2409 254 2445 quam
269 2409 417 2449 Principis
435 2421 552 2443 numen
572 2412 676 2443 colere
691 2435 701 2451 ,
723 2411 833 2452 propi-
