1952 2708
398 155 478 202 158
677 145 725 184 C.
792 142 1162 185 CORNELII
1225 142 1496 185 TACITI

387 236 481 273 cum
508 226 618 283 Aper
650 240 808 281 quoque
838 229 879 266 ὃς
907 224 1115 265 Secundus
1153 224 1260 265 idem
1292 225 1543 276 annuissent,
1577 223 1778 278 Meffala9

387 291 493 347 quast
518 291 647 331 rursus
671 291 889 345 incipiens:
922 289 1129 343 Quoniam
1149 290 1262 329 initia
1290 293 1330 329 ὃ(
1352 290 1502 330 semina
1522 291 1665 330 veteris
1687 289 1776 330 elo-

387 355 557 411 quentiae
585 354 675 394 satis
696 353 971 394 demonstrasse
990 352 1152 401 videor,
1174 352 1361 392 docendo
1382 352 1522 406 quibus
1540 353 1687 393 artibus
1711 369 1776 394 an-

385 420 489 474 tiqui
505 431 680 459 oratores
696 417 845 457 institui
859 415 1085 468 erudirique
1101 413 1210 454 soliti
1224 415 1296 454 s1nt
1306 444 1316 464 ,
1328 415 1536 470 persequar
1550 431 1658 456 nunc
1667 430 1776 456 exer-

387 484 602 524 citationes
628 495 768 522 eorum
790 510 804 531 ,
836 492 1076 535 quamquam
1103 477 1190 533 ipsis
1217 477 1364 518 artibus
1389 479 1486 518 inest
1508 479 1744 519 exercitatio
1760 508 1774 529 ,

386 561 465 587 nec
473 545 678 600 quisquam
694 546 899 601 percipere
915 555 977 582 tot
987 540 1305 592 reconditas,aut
1319 554 1401 582 tam
1417 542 1542 582 varias
1558 554 1619 582 res
1632 542 1775 597 potest,

388 609 460 650 nisi
492 622 536 649 ut
566 614 575 630 ¹
605 608 779 649 scientiae
810 606 1019 646 meditatio
1037 634 1049 655 ,
1081 604 1336 646 meditationi
1365 603 1565 655 facultas,
1591 604 1775 646 facultati

385 673 446 714 vis
470 670 708 726 eloquentiae
733 670 923 711 accedat:
942 683 1011 725 per
1033 683 1115 722 quae
1139 666 1348 723 colligitur
1370 669 1551 709 eamdem
1567 667 1643 710 effe
1659 670 1776 710 ratio-

385 750 506 786 nem,
529 739 570 776 ὃ(
590 733 865 790 percipiendi,
890 747 973 786 quae
997 731 1199 788 proferas,
1227 736 1267 773 ὃ(
1292 731 1549 788 proferendi,
1578 747 1661 786 quae
1684 746 1776 788 per-

387 799 566 855 ceperis:
596 797 662 838 sed
691 797 718 835 fi
741 798 806 837 cui
832 793 1062 836 obscuriora
1091 797 1175 836 haec
1198 795 1385 836 videntur
1400 825 1413 846 ,
1436 796 1546 849 isque
1566 795 1775 836 scientiam

378 861 435 918 ‘ab
465 861 754 901 exercitatione
783 859 964 915 separat,
997 858 1037 898 id
1066 859 1173 899 certe
1214 858 1438 909 concedet,
1476 859 1705 899 instruEtum
1734 863 1775 899 ὃ(

387 923 553 981 plenum
580 925 640 964 his
665 922 813 964 artibus
837 924 1042 975 animum,
1070 920 1195 977 longe
1224 923 1463 978 paratiorem
1494 922 1543 962 ad
1572 935 1636 962 eas
1663 935 1775 962 exer-

388 989 600 1029 citationes
619 1000 858 1037 venturum,
881 1001 963 1040 quae
982 986 1150 1042 propriae
1173 987 1280 1026 circa
1302 987 1516 1026 oratoriam
1536 989 1550 1006 ²
1574 985 1775 1026 videntur.

450 1050 675 1092 XXXIV.
710 1049 850 1091 ERGO
877 1049 984 1106 apud
1013 1047 1184 1101 majores
1214 1050 1366 1089 nostros
1396 1048 1551 1101 juvenis
1578 1047 1675 1097 ille,
1707 1050 1775 1102 qui

386 1112 476 1154 foro
503 1118 543 1154 ὅ(
567 1112 806 1168 eloquentiae
830 1112 1066 1169 parabatur,
1097 1112 1271 1153 imbutus
1304 1111 1383 1163 jam
1413 1109 1629 1153 domestica
1655 1111 1776 1152 disci-

386 1174 523 1232 plina,
549 1176 716 1218 refertus
746 1177 918 1217 honestis
952 1175 1112 1226 studiis,
1143 1175 1415 1216 deducebatur
1443 1191 1465 1215 a
1493 1188 1630 1231 patre,
1661 1173 1727 1214 vel
1755 1189 1777 1215 a

386 1241 621 1296 propinquis
636 1269 649 1290 ,
676 1239 725 1280 ad
752 1255 844 1281 eum
873 1252 1072 1280 oratorem
1089 1268 1101 1289 ,
1129 1240 1196 1293 qui
1219 1240 1442 1295 principem
1464 1239 1505 1278 in
1526 1239 1690 1279 civitate
1717 1236 1778 1278 lo-

386 1318 481 1343 cum
507 1302 734 1344 obtinebat:
751 1305 861 1344 hunc
886 1303 1047 1352 sectari,
1082 1304 1191 1342 hunc
1214 1301 1423 1358 prosequi,
1451 1299 1567 1353 hujus
1588 1299 1777 1342 omnibus

387 1365 627 1407 diCtionibus
651 1367 833 1406 interesse
847 1396 859 1415 ,
881 1366 958 1406 slve
980 1367 1021 1405 in
1043 1363 1202 1416 judiciis
1217 1395 1230 1415 ,
1259 1365 1337 1405 five
1358 1366 1398 1404 in
1422 1364 1688 1406 concionibus
1710 1364 1778 1404 ad-

387 1428 622 1480 suescebat,
653 1430 708 1470 ita
742 1443 786 1470 ut
817 1428 1100 1469 altercationes
1130 1443 1289 1482 quoque
1319 1429 1533 1484 excipere,
1567 1431 1607 1468 ὃς
1638 1426 1776 1482 jurgiis

389 1492 601 1542 interesse,
636 1505 759 1546 utque
790 1491 841 1532 s1c
880 1492 1076 1542 dixerim,
1109 1506 1287 1547 pugnare
1321 1492 1362 1531 in
1397 1491 1543 1547 proelio
1573 1490 1744 1532 disceret
1769 1507 1778 1530 ε

388 1569 556 1609 magnus
583 1570 633 1596 ex
659 1557 740 1596 hoc
765 1555 880 1605 usus,
909 1554 1081 1595 multum
1109 1555 1334 1595 constantiae
1351 1583 1364 1605 ,
1392 1553 1609 1610 plurimum
1635 1553 1777 1606 judicii

387 1616 600 1670 juvenibus
626 1620 753 1659 statim
781 1617 1070 1674 contingebat,
1097 1620 1139 1658 in
1163 1616 1293 1660 media
1316 1616 1409 1658 luce
1430 1616 1701 1667 studentibus,
1724 1629 1778 1658 at-

387 1696 465 1735 que
495 1683 597 1722 inter
620 1682 703 1738 ipsa
729 1682 984 1733 discrimina,
1016 1681 1085 1722 ubi
1116 1697 1237 1724 nemo
1265 1682 1428 1738 impune
1454 1681 1569 1722 stulte
1597 1680 1777 1734 aliquid,

388 1758 458 1784 aut
485 1746 684 1786 contrarie
717 1746 840 1797 dicit,
867 1747 1081 1800 quominus
1103 1748 1142 1787 ὃ(
1169 1745 1291 1798 judex
1314 1745 1497 1800 respuat,
1528 1749 1568 1785 ὅ(
1593 1743 1776 1784 adversa-

388 1810 468 1849 rius
486 1809 699 1865 exprobret
715 1839 728 1860 ,
756 1809 825 1865 ipsi
850 1809 1022 1864 denique
1051 1808 1238 1850 advocati
1261 1809 1530 1864 aspernentur.
1559 1807 1689 1862 Igitur
1708 1821 1777 1847 ve-

391 1869 432 1911 ra
452 1873 579 1913 statim
599 1876 639 1913 ὃς
658 1870 889 1929 incorrupta
907 1872 1138 1927 eloquentia
1155 1871 1452 1912 imbuebantur:
1475 1875 1516 1912 ὃς
1537 1884 1777 1925 quamquam

391 1949 515 1975 unum
539 1937 818 1990 sequerentur,
845 1949 980 1977 tamen
1001 1950 1140 1976 omnes
1164 1934 1342 1988 ejusdem
1368 1936 1490 1975 aetatis
1513 1947 1704 1990 patronos
1733 1934 1776 1974 in

391 1996 572 2053 plurimis
602 2003 642 2040 ὅ(
671 1999 791 2040 causls
817 2003 857 2040 &
879 1998 1037 2052 judiciis
1061 1998 1385 2054 cognoscebant:
1418 1997 1695 2052 habebantque
1721 1998 1777 2052 ip-

391 2061 466 2101 sluS
492 2061 632 2117 populi
658 2063 993 2104 diverfiffimarum
1016 2064 1169 2104 aurium
1193 2063 1376 2119 copiam,
1403 2076 1452 2103 ex
1474 2060 1549 2116 qua
1569 2060 1689 2102 facile
1712 2059 1775 2100 de-

393 2126 686 2180 prehenderent
709 2127 804 2181 quid
826 2129 868 2168 in
893 2141 1052 2182 quoque
1077 2125 1144 2167 vel
1166 2126 1400 2183 probaretur
1414 2155 1426 2175 ‚
1449 2124 1515 2165 vel
1533 2123 1776 2180 displiceret.

393 2187 455 2228 Ita
482 2204 556 2230 nec
579 2203 797 2246 praeceptor
823 2191 956 2231 deerat
986 2190 1161 2247 optimus
1191 2190 1379 2245 quidem,
1412 2193 1452 2229 &
1488 2186 1734 2229 elefflffimus
1760 2213 1777 2238 ‚

396 2314 630 2359 poralidicendi
642 2317 792 2349 facilitate
802 2317 957 2357 usurpavit
966 2316 1064 2356 Quin·
1105 2318 1156 2358 ηξῙὶ
1172 2316 1213 2346 0¹.

396 2355 542 2392 tibanus,
564 2355 683 2394 Instimr.
711 2357 782 2385 Orat
794 2382 802 2390 ,
826 2360 852 2387 Π
867 2380 875 2391 ,
899 2369 928 2394 4.
1143 2363 1156 2376 ²
1172 2358 1319 2386 Pnomuae
1336 2363 1427 2385 cmm
1443 2353 1653 2390 ORAToarAm]
1666 2353 1776 2383 Emen-

436 2400 446 2414 ὅ
470 2396 542 2426 N-1S1
561 2397 629 2434 ur]
654 2397 762 2428 Mallet
781 2397 887 2428 Illustr.
912 2395 1041 2428 Huetius
1053 2420 1062 2435 ,
1106 2397 1244 2428 dandum
1257 2394 1380 2427 videtur
1391 2417 1400 2432 ‚
1410 2394 1527 2431 propria:
1539 2403 1684 2424 oratorum.
1695 2392 1774 2425 Vide

1809 811 1858 837 10

1809 1121 1856 1160 15

1803 1441 1860 1468 20

1802 2074 1858 2110 30
