1952 2708
156 521 178 559 5

130 839 179 865 10

643 166 1155 215 GERMANIA.
1534 186 1593 228 57

206 247 473 294 Naharvalos.
492 246 614 305 Apud
627 248 883 290 Naharvalos
907 251 1076 304 antiquae
1099 251 1305 306 religionis
1327 253 1441 298 lucus
1463 258 1595 299 osten-

207 313 324 355 ditur.
338 312 517 354 Praefidet
530 313 714 354 sacerdos
730 311 917 353 muliebri
944 327 1107 354 ornatu:
1126 314 1193 354 sed
1222 331 1243 351 «
1258 316 1376 366 deos,
1401 321 1594 376 interpre-

203 377 390 419 »tatione
410 374 599 419 Romana
613 407 627 428 ,
644 376 848 417 Castorem
863 375 1154 431 Pollucemque
1181 382 1191 399 ¹
1217 394 1239 414 »
1264 393 1502 422 memorant.
1536 383 1595 426 Ea

204 443 264 482 vis
289 441 443 482 numini
468 445 482 461 ²
511 457 519 480 z
546 456 696 481 nomen
722 441 845 479 Alcis
885 457 892 480 :
919 438 1031 482 nulla
1059 439 1266 481 fimulacra
1286 471 1299 491 ,
1330 441 1486 482 nullum
1522 460 1593 500 pe-

205 505 368 559 regrinae
389 504 674 561 superstitionis
694 504 925 558 vestigium:
952 516 997 544 ut
1015 504 1153 545 fratres
1177 518 1312 545 tamen
1328 535 1341 555 ,
1363 519 1407 546 ut
1426 504 1594 557 juvenes

206 583 458 610 venerantur.
491 567 681 608 Ceterum
716 567 804 606 Arii
835 567 949 623 super
986 568 1089 609 vires
1112 597 1126 619 ,
1165 567 1306 623 quibus
1341 583 1594 612 enumeratos

205 630 345 688 paullo
369 632 461 673 ante
494 629 668 687 populos
693 631 962 681 antecedunt,
982 644 1115 672 truces
1132 660 1144 681 ‚
1171 631 1290 672 infitae
1325 631 1472 673 feritati
1512 647 1595 675 arte

204 711 252 736 ac
269 709 450 752 ternpore
471 694 777 736 lenocinantur:
804 695 917 749 nigra
937 694 1046 735 scuta
1060 724 1073 745 ,
1095 696 1217 736 tincta
1240 710 1411 751 corpora
1432 700 1441 723 ³
1459 713 1467 736 ε
1493 710 1594 738 atras

207 758 256 799 ad
280 758 423 814 proelia
446 760 580 800 no&es
602 757 767 813 legunt:
797 757 960 813 ipsaque
984 757 1199 799 formidine
1226 772 1345 813 atque
1370 757 1509 799 umbra
1533 759 1594 799 fe-

206 821 297 862 ralis
330 824 526 864 exercitus
559 836 752 863 terrorem
772 821 956 862 ‘inferunt
982 851 995 872 ,
1030 820 1145 864 nullo
1179 823 1351 862 hostium
1380 822 1595 863 sustinente

207 900 359 926 novum
385 902 431 927 ac
457 886 568 926 velut
600 885 799 926 infernum
828 885 1051 941 aspectum:
1080 900 1173 926 nam
1200 887 1317 941 primi
1342 887 1382 926 in
1409 885 1595 926 omnibus

206 948 359 1005 proeliis
381 949 491 990 oculi
512 951 740 989 vincuntur.
757 948 884 989 Trans
904 949 1057 1003 Lygios
1079 950 1295 990 Gothones
1318 954 1335 978 4
1358 964 1594 1004 regnantur,

209 1012 346 1069 paullo
365 1011 444 1066 jam
465 1013 687 1063 adduffius„
709 1010 826 1066 quam
838 1026 975 1054 cetera:
992 1014 1288 1055 Germanorum
1307 1027 1447 1070 gentes
1461 1043 1475 1066 ,
1497 1029 1593 1055 non-

209 1163 256 1187 ter
273 1156 421 1186 Viadrum
445 1180 453 1192 ‚
484 1156 595 1193 l'Oa'er,
612 1157 646 1188 &
662 1157 830 1193 Vistulam,
852 1155 878 1184 ἴα
919 1154 1104 1194 agnoverim
1134 1154 1359 1186 Canadenfium
1392 1155 1467 1185 deos
1495 1153 1593 1190 Napi-

211 1195 330 1234 Vistule,
350 1196 404 1226 ubi
418 1206 499 1227 nunc
518 1197 607 1233 partie
626 1196 656 1225 de
675 1196 701 1225 la
714 1196 801 1235 Silffie
814 1220 823 1232 ‚
845 1195 879 1224 dic

208 1234 407 1274 Brundebourg
435 1234 464 1264 Cr
489 1235 520 1264 de
535 1236 563 1264 la
576 1235 705 1274 Pologne.
729 1236 823 1266 Forte
840 1236 878 1264 ab

208 1274 289 1304 Ariis
307 1285 400 1313 genus
422 1275 570 1311 ducebat,
586 1274 772 1313 Ariogaesus,
790 1276 878 1311 Qua-

210 1314 322 1343 dorum
346 1323 398 1343 rex
415 1335 424 1348 ‚
450 1314 487 1343 de
504 1324 567 1352 quo
582 1313 696 1343 dicium
712 1314 798 1352 supra
813 1324 877 1352 pag.

211 1355 260 1391 56.
275 1360 341 1382 not.
358 1363 386 1382 2.
412 1353 459 1383 Ab
473 1353 580 1392 Elysiis
592 1352 700 1383 Silefiae
711 1376 719 1388 ‚
731 1353 757 1381 la
769 1353 857 1390 Sil'efie
870 1376 878 1389 ‚

208 1401 326 1422 nomen
339 1400 443 1421 ortum
454 1393 575 1422 volunt.
588 1393 785 1422 Helvecones
796 1402 881 1431 pror-

207 1432 254 1461 sus
275 1430 385 1460 diversi
408 1431 475 1461 sunt
496 1433 534 1462 ab
558 1431 811 1468 Hillevionibus,
842 1432 879 1462 de

207 1469 320 1510 quibus
334 1470 452 1500 dicetur
466 1471 546 1501 infra
564 1482 630 1510 cap.
643 1483 692 1509 44.
709 1480 776 1502 not.
792 1484 820 1508 4.

247 1515 255 1528 ¹
287 1510 464 1541 CASToRr-:M
500 1512 758 1546 PorrucEMQuE]
789 1512 878 1550 Apud

205 1550 365 1580 Romanos
377 1549 484 1580 Castor
496 1550 528 1581 ὅς
542 1550 652 1580 Pollux
672 1550 703 1579 in
716 1551 877 1589 tempesta-

206 1588 288 1618 tibus
310 1588 548 1620 invocabantur.
571 1590 647 1620 Inde
663 1592 781 1620 Seneca
793 1614 801 1626 ‚
815 1592 880 1620 Na-

208 1628 298 1658 tural.
312 1628 478 1665 Quaestion.
492 1630 504 1658 1
518 1653 526 1665 ‚
548 1640 572 1659 1.
595 1629 628 1658 In
645 1630 747 1668 magni
769 1631 879 1668 tempes-

208 1675 268 1696 tate
287 1676 437 1704 apparent,
461 1668 629 1708 quaststellae
644 1668 702 1697 velo
721 1668 877 1707 inficientes⁸

208 1706 347 1744 Adjuvari
367 1707 397 1744 J}
421 1716 486 1735 tunc
511 1707 700 1744 periclitantes
725 1708 879 1747 existimant

209 1745 335 1775 Pollucis
350 1746 379 1774 Cr
389 1745 509 1785 Castoris
522 1748 641 1778 numine.

250 1788 261 1801 ²
284 1786 329 1815 EA
352 1796 403 1816 vis
425 1789 564 1824 numm]
596 1789 630 1817 In
654 1787 744 1818 stellis
761 1811 770 1824 ‚
805 1799 879 1828 quas
898 1808 903 1821 .

751 1824 903 1864 ‚lefeu'

211 1823 306 1862 vulgo
331 1824 463 1855 dicimus
494 1825 533 1854 les
550 1825 620 1862 feux
633 1826 727 1863 sollers

211 1862 385 1893 Sainr-Elme
396 1888 404 1902 ‚
426 1865 585 1896 Castorem
598 1866 631 1897 &
644 1866 803 1897 Pollucem
824 1878 881 1897 ve-

211 1904 397 1947 nerabantur
413 1905 546 1935 Romani
560 1916 568 1943 ;
586 1913 619 1935 ut
630 1905 737 1936 videre
753 1906 792 1936 est
800 1907 880 1945 apud

210 1942 345 1985 Plinium
359 1966 368 1979 ,
388 1944 431 1980 ΙΙ,
445 1954 492 1983 37.
513 1946 638 1975 Numen
655 1955 782 1984 quoque
795 1946 881 1976 suum

211 1991 244 2010 in
269 1981 315 2010 h1s
335 1981 425 2012 fatuis
446 1983 570 2022 ignibus
590 1984 717 2014 coluilse
733 1985 881 2015 videntur

210 2019 389 2050 Naharvali.
409 2022 489 2051 lllud
505 2023 588 2052 Alcin
611 2023 717 2054 dixere
730 2047 737 2058 ,
759 2024 840 2055 forte
865 2035 882 2055 a

210 2060 374 2103 vocabulis
393 2059 472 2099 Alff,
485 2061 538 2097 ΑΖΓ
548 2085 557 2098 ,
574 2062 686 2100 quibus
707 2062 805 2094 adhuc
818 2065 882 2094 Ge-

210 2109 281 2129 nios
304 2100 460 2129 montium
487 2101 643 2138 appellant
672 2103 881 2140 Septemtrio-

211 2139 295 2168 nales
317 2138 424 2177 populi
446 2162 454 2174 ‚
478 2139 549 2169 teste
570 2139 692 2171 erudito
711 2141 880 2179 Keyssero,

210 2177 245 2207 in
271 2177 516 2216 Antiquitatibus
540 2179 690 2213 Celticis,
719 2189 785 2218 pag.
812 2191 881 2220 500.

210 2218 327 2247 Verum
349 2219 419 2246 cum
445 2217 507 2247 fine
522 2218 592 2247 ullis
608 2217 773 2248 simulacris
788 2242 796 2253 ‚
820 2219 882 2250 fine

211 2256 277 2286 ullo
299 2256 466 2294 peregrinae
489 2257 707 2295 superstitionis
729 2258 858 2297 vestigio
873 2282 882 2295 ‚

212 2295 288 2325 deos
305 2295 377 2325 illos
388 2319 395 2330 ‚
410 2304 443 2326 ut
457 2295 562 2326 fratres
572 2321 581 2333 ‚
600 2305 633 2327 ut
645 2298 773 2335 juvenes
784 2308 882 2328 vene—

213 2342 349 2364 rarentur
360 2334 526 2365 Naharvali
537 2359 544 2371 ‚
559 2336 688 2367 minime
697 2336 883 2367 crediderim

212 2382 266 2402 eos
278 2371 362 2403 fuisse
375 2374 533 2405 Castorem
546 2375 578 2405 8<
595 2376 755 2406 Pollucem
769 2400 776 2412 ‚
796 2377 883 2406 Grae-

213 2421 248 2443 ea
275 2411 457 2445 Romanave
486 2414 624 2447 numina.
657 2416 692 2446 In
723 2415 761 2448 iis
777 2415 884 2455 potius

339 2473 446 2516 Tom.
486 2476 582 2518 IV.

918 1194 1051 1222 noulcfzesh
1078 1195 1112 1225 &
1135 1195 1385 1231 Pepounoullwsh,
1412 1205 1490 1234 quos
1512 1193 1593 1223 inter

919 1233 961 1262 ita
984 1233 1117 1263 divisum
1143 1235 1227 1264 orbis
1258 1234 1422 1272 imperium
1443 1257 1451 1268 ‚
1486 1241 1519 1262 ut
1542 1232 1594 1262 hie

919 1272 998 1302 veris
1021 1273 1055 1303 δε
1077 1272 1182 1302 aestatis
1199 1296 1207 1309 ‚
1231 1272 1284 1304 ille
1303 1273 1412 1303 hiemis
1429 1272 1465 1302 fit
1478 1272 1594 1310 praeses.

918 1311 1054 1341 Alternis
1089 1320 1266 1350 temporum
1299 1312 1383 1342 vices
1401 1320 1534 1349 regunt,
1559 1312 1595 1342 &C

918 1350 1082 1380 hominurn
1096 1351 1156 1381 fata
1171 1351 1383 1381 moderantur.
1407 1351 1486 1380 Vide
1495 1351 1594 1380 Creu-

918 1390 1003 1420 xium
1017 1414 1025 1427 ‚
1042 1390 1161 1428 Historia
1177 1390 1349 1430 Canacifflfis
1361 1414 1369 1426 ‚
1387 1399 1453 1428 pag.
1467 1393 1515 1418 81.
1526 1391 1594 1420 Huc

918 1440 1045 1468 quoque
1058 1429 1218 1460 referenda
1232 1430 1379 1460 videntur
1388 1431 1595 1459 Sarmatarum

918 1470 1048 1500 numina
1061 1493 1068 1506 ‚
1082 1468 1174 1498 Lebus
1187 1471 1220 1500 ὃς
1235 1469 1352 1499 Ρωίεέιω
1362 1493 1369 1506 ,
1385 1479 1518 1507 quorum
1528 1478 1595 1498 me-

918 1509 1018 1539 moria
1037 1509 1136 1539 adhuc
1155 1517 1259 1539 manet
1278 1509 1309 1538 in
1325 1507 1484 1540 conviviis
1500 1508 1594 1538 Polo-

918 1548 1007 1578 nicis.
1032 1548 1191 1579 Diodoxus
1213 1548 1353 1583 Siculus,
1375 1550 1434 1582 lV,
1458 1551 1503 1585 56.
1526 1557 1594 1585 pag.

922 1591 988 1617 180.
1008 1587 1174 1618 Dioscuros
1200 1611 1209 1624 ,
1231 1587 1281 1617 seu
1299 1588 1458 1618 Castorem
1471 1587 1504 1616 ὃ(
1522 1588 1594 1616 Pol-

918 1627 1019 1657 lucem
1030 1651 1037 1662 ,
1053 1637 1070 1656 a
1086 1627 1184 1657 Celtis
1199 1650 1207 1663 ,
1231 1627 1351 1657 Oceani
1367 1625 1481 1656 accolis
1495 1649 1502 1659 ‚
1524 1626 1594 1655 cul-

918 1675 965 1697 tos
990 1675 1153 1697 memorat.
1193 1667 1253 1696 Sed
1279 1667 1324 1696 isti
1353 1664 1463 1705 populi
1486 1666 1554 1695 sunt
1578 1675 1594 1696 a

919 1705 1102 1736 Naharvalis
1123 1705 1243 1736 divcrfi.

959 1751 967 1771 3
991 1746 1114 1776 Tmen
1143 1747 1316 1782 CORPORA]
1342 1745 1377 1774 Id
1399 1744 1475 1775 olim
1493 1744 1524 1773 in
1540 1745 1594 1775 usu

918 1785 999 1824 apud
1010 1794 1116 1824 gentes
1129 1785 1284 1823 plurimas.
1297 1785 1382 1814 Idem
1396 1784 1495 1814 adhuc
1508 1783 1593 1823 viget

919 1824 999 1863 apud
1012 1825 1126 1855 multos
1137 1825 1284 1855 Americae
1297 1824 1440 1862 populos.
1454 1824 1593 1860 Quidam

919 1864 1014 1894 etiam
1040 1864 1223 1903 corporibus
1252 1864 1309 1893 suis
1332 1872 1421 1893 notas
1439 1862 1592 1892 inscribe-

919 1903 1005 1933 bant.
1016 1904 1106 1933 Unde
1117 1903 1242 1937 Plinius,
1254 1904 1355 1938 ΧΧΙΙ,
1371 1913 1395 1932 1.
1407 1901 1511 1930 Formae
1521 1911 1593 1941 gra-

920 1943 959 1971 tid
978 1942 1092 1981 rimisque
1106 1943 1227 1979 perpetui
1239 1965 1248 1977 ,
1260 1943 1286 1971 in
1299 1941 1452 1978 corporibus
1463 1941 1524 1979 fiiis
1541 1941 1593 1970 ali-

919 1992 987 2020 quas
1006 1992 1161 2011 exterarum
1183 1982 1306 2021 gentium
1321 1982 1360 2010 uti
1380 1979 1594 2019 lze1·l:isquihus-

920 2020 1000 2057 dam,
1022 2021 1133 2051 adverto
1158 2022 1287 2051 animum.
1308 2020 1423 2049 Illinutzz
1447 2022 1518 2048 certe*
1529 2020 1595 2049 aliis

920 2060 983 2090 aliae
998 2060 1102 2096 faciem
1114 2061 1140 2089 in
1154 2059 1259 2097 populis
1268 2058 1572 2095 Barbarorumfemifzae
1582 2082 1593 2096 ‚

920 2100 1055 2138 mare-[2116
1075 2100 1156 2129 etiam
1180 2099 1252 2135 apud
1265 2099 1364 2128 Dacos
1392 2098 1421 2128 ὓ·
1444 2098 1594 2127 Sarmatas·

921 2148 1032 2175 corpora
1050 2139 1103 2177 fita
1128 2138 1287 2177 infiribmzt.
1309 2139 1400 2169 Tales
1426 2149 1593 2176 corportun

921 2178 1079 2217 picturas‚a
1090 2178 1331 2213 Canadenfibus,
1343 2187 1376 2208 ut
1387 2178 1596 2208 truculentio—

922 2228 967 2248 res
986 2218 1150 2248 videantur
1168 2241 1176 2253 ‚
1203 2217 1355 2255 usurpatas
1374 2241 1382 2254 ‚
1414 2217 1542 2248 exhibet
1564 2218 1594 2246 P.

923 2256 1074 2287 Creuxius
1087 2280 1095 2293 ‚
1116 2256 1235 2295 Historia
1251 2256 1438 2295 Canadenfis,
1453 2267 1519 2294 pag.
1543 2267 1593 2292 70.

922 2295 951 2325 Si
969 2296 1005 2326 de
1018 2295 1078 2326 hoc
1088 2295 1140 2326 usu
1154 2297 1240 2334 plura
1253 2296 1390 2326 volueris
1401 2320 1409 2331 ‚
1423 2296 1473 2326 adi
1489 2294 1595 2325 erudi-

923 2344 987 2366 tum
1002 2335 1169 2365 Pelloutier
1179 2359 1187 2371 ‚
1200 2335 1314 2375 Histoire
1324 2335 1370 2364 des
1377 2335 1486 2372 Geirei,
1499 2335 1595 2363 Tom.

923 2376 946 2405 Ι.
963 2385 1029 2413 pag.
1047 2385 1107 2410 290
1119 2375 1245 2414 &seqq.

962 2419 977 2438 4
1001 2415 1198 2451 Goruours]
1220 2417 1316 2454 Supra
1332 2420 1522 2444 memoratos
1536 2421 1597 2450 poe·

1365 2474 1408 2515 H
