1952 2708
148 543 174 584 5

117 851 175 891 ‘10

123 1175 172 1213 15

116 1492 175 1522 20

609 188 1190 241 AGRICOLA.
1535 218 1593 256 77

202 280 341 321 fimum
360 304 374 326 ‚
401 285 470 315 aut
497 271 671 314 facilitas
706 273 983 314 auttoritatem
1016 281 1026 296 ¹
1049 303 1062 325 ,
1098 289 1166 316 aut
1200 277 1386 324 severitas
1416 295 1596 327 amorem

204 340 414 383 deminuit.
450 338 730 393 Integritatem
755 350 873 390 atque
901 337 1180 378 abstinentiam
1205 341 1246 380 in
1283 355 1396 384 tanto
1424 349 1511 389 viro
1540 365 1597 390 re-

203 405 306 445 ferre
322 434 335 454 ‚
365 400 509 454 injuria
535 403 730 442 virtutum
751 400 882 440 fuerit.
923 403 991 442 Ne
1011 401 1158 443 famam
1179 404 1340 457 quidem
1354 435 1367 456 ,
1389 411 1454 447 cui
1479 413 1599 453 etiam

202 468 302 523 ssepe
336 465 433 507 boni
462 464 677 520 indulgent
692 495 704 515 ‚
723 462 955 505 ostentanda
975 466 1123 507 virtute
1137 495 1150 518 ,
1170 480 1238 506 aut
1261 483 1330 522 per
1355 483 1481 512 artem
1498 489 1600 526 qua:-

206 531 294 571 fivit
323 546 330 568 :
364 527 509 585 procul
539 528 586 568 ab
621 526 875 568 oemulatione
912 528 1097 570 adversus
1141 528 1319 585 collegas
1346 561 1359 583 ,
1391 535 1535 589 procul
1579 553 1599 579 a

205 594 471 636 contentione
507 591 693 633 adversus
726 604 1004 647 procuratores
1031 607 1038 630 ε
1061 597 1102 634 ὅ(
1136 594 1300 635 vincere
1337 595 1557 650 inglorium
1585 628 1601 652 9

203 662 245 699 δε
272 658 387 699 atteri
412 654 615 695 sordidum
633 659 647 676 ²
670 653 945 696 arbitrabatur.
971 657 1110 697 Minus
1127 657 1344 697 triennium
1361 659 1403 699 in
1422 658 1468 700 ezi
1487 660 1598 716 lega-

203 723 316 762 tione
357 719 542 760 detentus
573 750 587 770 ‚
628 735 675 760 ac
711 719 839 759 statim
882 719 931 760 ad
965 720 1074 775 spem
1113 720 1345 762 consulatfis
1385 737 1598 768 revocatus

204 787 258 826 est
274 814 287 835 ,
321 784 542 825 comitante
575 783 768 839 opinione
786 782 1035 824 Britanniam
1056 785 1093 825 ei
1110 785 1363 840 provinciam
1381 786 1465 827 dari
1487 802 1494 824 ε
1512 787 1599 828 nul-

204 847 253 890 lis
279 849 321 888 in
336 848 418 888 hoc
439 847 516 886 suis
539 845 811 895 sermonibus,
839 845 905 886 sed
923 848 1014 900 quia
1030 862 1098 903 par
1119 847 1342 890 videbatur.
1358 850 1480 891 Haud
1497 851 1600 891 sem-

202 927 273 969 per
291 924 394 952 errat
408 910 511 951 fama
526 940 539 959 ,
567 909 782 964 aliquando
804 912 844 949 &
866 908 1004 965 elegit.
1025 910 1181 951 Consul
1199 917 1208 938 ³
1223 914 1390 968 egregia:
1411 927 1497 954 tum
1515 915 1599 971 spei

204 976 327 1016 filiam
342 973 481 1028 juveni
498 974 597 1012 mihi
613 972 824 1028 despondit
841 1002 854 1022 ‚
883 988 930 1013 ac
959 975 1044 1029 post
1066 974 1321 1016 consulatum
1343 976 1596 1028 collocavit,

203 1044 244 1080 ὃς
270 1040 399 1079 statim
423 1037 635 1078 Britanniae
652 1036 878 1093 praepofitus
895 1037 975 1088 est,
1007 1036 1160 1090 adjecto
1176 1040 1435 1095 pontificatus
1465 1041 1596 1082 sacer-

202 1103 316 1143 dotio
338 1108 368 1143 4.

266 1167 321 1207 X.
357 1166 653 1206 BR1TANN1AE
685 1166 799 1206 situm
828 1166 1078 1223 populosque
1097 1197 1111 1218 ,
1139 1167 1276 1209 multis
1306 1169 1593 1226 scriptoribus5

198 1243 445 1271 memoratos
461 1259 474 1280 ‚
501 1245 583 1270 non
606 1231 648 1270 in
670 1232 1015 1286 comparationem
1038 1246 1138 1272 curae
1166 1233 1372 1286 ingeniive
1400 1233 1596 1281 referam3

199 1293 270 1334 sed
296 1294 388 1347 quia
407 1307 493 1332 tum
510 1294 682 1347 primum
707 1293 932 1348 perdomita
959 1294 1031 1333 est:
1049 1295 1182 1348 itaque
1209 1310 1292 1348 quae
1316 1297 1466 1351 priores
1491 1312 1597 1338 non<-

200 1357 294 1396 dum
319 1368 526 1411 comperta
542 1385 555 1405 ,
580 1354 812 1409 eloquentia
827 1355 1063 1412 percoluere
1080 1387 1091 1406 ‚
1120 1372 1251 1398 rerum
1277 1358 1354 1398 fide
1378 1359 1596 1401 tradentur.

200 1419 409 1460 Britannia
436 1448 450 1468 ,
476 1417 695 1459 insularum
722 1448 735 1469 ,
765 1435 860 1474 quas
890 1421 1077 1461 Romana
1107 1422 1251 1461 notitia
1286 1420 1597 1477 compleffitur,

200 1484 373 1524 maxima
393 1512 407 1534 ,
430 1482 558 1538 spatio
579 1498 625 1523 ac
642 1481 739 1523 caelo
756 1484 798 1525 in
817 1484 1030 1525 Orientem
1049 1485 1273 1525 Germaniae
1289 1514 1303 1537 ,
1319 1486 1362 1526 in
1379 1485 1598 1528 Occiden-

199 1622 272 1653 titia
284 1646 293 1660 ,
308 1633 376 1655 arro
401 1624 486 1655 antia
499 1647 508 1661 ‚
521 1623 671 1661 avaritia,
688 1624 879 1669 quandoque
918 1634 953 1653 ex·
970 1624 1172 1663 corzwrfizrione
1194 1624 1293 1663 aequali
1321 1625 1480 1662 contemptio
1496 1627 1595 1667 digni-

198 1661 278 1692 vitia
314 1674 371 1702 prae
387 1665 489 1694 idibus
524 1663 741 1703 judicibusque
777 1664 877 1695 solita.
918 1664 987 1693 tatis
1001 1665 1132 1703 nafiitur.
1147 1688 1153 1694 .
1166 1688 1173 1695 .
1187 1687 1194 1694 .
1205 1665 1368 1694 oummatim
1398 1665 1438 1693 ita
1454 1667 1502 1703 jur
1517 1667 1595 1696 reddi

196 1701 369 1733 Tristitiarn
406 1704 494 1734 affert
519 1702 681 1734 morositas
703 1714 710 1733 ε
731 1714 880 1743 arrogan-
919 1703 995 1732 debet
1012 1726 1021 1739 ,
1046 1712 1073 1732 ut
1103 1705 1290 1734 minoritatem
1317 1703 1466 1744 dignitatis
1480 1706 1592 1746 ingenio

198 1740 275 1771 tiam
310 1743 440 1781 potestas
469 1753 476 1771 :
502 1742 667 1772 avaritiam
695 1743 847 1781 cupiditas
870 1767 878 1780 ‚
909 1743 960 1782 fito
979 1752 1090 1783 augeat.

197 1781 250 1810 vel
276 1780 338 1819 ipsa
365 1782 633 1819 corrumpentium
647 1792 703 1812 ἅτε.
729 1785 804 1820 Quae
823 1783 879 1813 ad-
959 1786 969 1799 ²
993 1785 1116 1814 Αττεκι
1139 1795 1305 1815 SORDIDUM
1326 1788 1336 1819 ]
1364 1783 1498 1814 Vincere
1523 1784 1594 1814 col-

198 1822 302 1850 versus
337 1820 417 1851 vitia
443 1821 658 1860 sapientissime
687 1830 811 1852 cautum
831 1823 878 1853 le-
918 1822 1204 1861 legas,vicinarum
1224 1833 1336 1862 nempe
1359 1823 1594 1861 provinciarum

198 1858 288 1902 gibus
303 1861 451 1891 Romanis
466 1885 474 1897 ‚
487 1869 519 1891 ut
538 1861 646 1891 videre
667 1862 706 1891 est
718 1861 749 1890 in
764 1862 877 1901 Digest.
919 1864 1066 1899 rectores,
1090 1863 1259 1902 inglorium
1273 1887 1281 1899 ,
1303 1874 1320 1893 a
1340 1863 1594 1901 procuratoribus

198 1898 268 1927 libr.
287 1900 310 1927 1.
329 1900 393 1930 Tit.
424 1905 469 1931 16.
490 1902 527 1930 de
555 1900 660 1931 officio
682 1902 878 1932 Proconsulis
917 1903 1008 1932 atteri
1026 1902 1184 1933 sordidum
1200 1902 1415 1933 arbitrabatur.

197 1937 232 1967 ὅ(
248 1937 349 1975 legati.
362 1940 544 1978 Agricolam
565 1941 640 1971 vcro
657 1940 700 1970 ita
713 1951 877 1971 commen—

196 1976 250 2006 dat
274 1977 401 2008 Tacitus
423 2003 432 2016 ‚
458 1989 492 2009 ut
513 1989 553 2009 ne
568 1980 630 2018 ipsa
653 1980 780 2019 quidem
794 1981 878 2018 justi-

198 2015 249 2045 tiae
274 2016 385 2054 species
402 2040 411 2053 ,
433 2028 525 2057 quam
547 2029 563 2049 a
578 2019 748 2057 pictoribus
769 2021 878 2050 adum-

198 2055 321 2123 blratam
334 2056 440 2088 laudat
452 2058 590 2094 Gellius,
608 2060 697 2096 XIV,
711 2071 729 2097 4
739 2083 747 2097 ‚
759 2059 793 2090 fit
806 2060 876 2099 pul—

197 2104 215 2124 c
239 2105 314 2125 rior.

959 1947 967 1967 3
993 1943 1150 1972 Consur
1173 1944 1185 1979 ]
1218 1944 1312 1972 Anno
1344 1942 1433 1971 Urbis
1459 1942 1596 1972 conditae

919 1992 1096 2017 Dcccxxx‚
1121 1983 1146 2011 J.
1168 1982 1204 2011 C.
1226 1992 1287 2019 77,
1311 1991 1374 2019 quo
1398 1982 1596 2011 consulatum

918 2020 1017 2051 iniere
1041 2020 1239 2059 Vespasianus
1264 2020 1412 2058 Augustus
1441 2022 1532 2050 VlII
1559 2022 1595 2052 &

917 2060 1007 2090 Titus
1031 2060 1129 2090 Caesar
1142 2062 1193 2090 VI.
1216 2059 1255 2088 Iis
1269 2059 1408 2089 suffectos
1427 2059 1513 2089 fuifl'e
1528 2061 1594 2090 Ka—⁴

918 2099 1018 2128 lendis
1041 2099 1115 2129 Julii
1138 2098 1358 2128 Domitianum
1383 2099 1531 2129 Caesarem
1550 2101 1594 2129 Vt

241 2139 248 2152 ¹
275 2135 447 2165 FAcmms
466 2138 739 2174 AUCTORITATEM]
756 2138 790 2166 ld
810 2148 876 2168 ma-
896 2174 901 2177 ἱ

196 2173 282 2203 xime
296 2175 451 2204 cavebant
473 2177 556 2213 leges
568 2177 716 2206 Romanae
728 2199 735 2211 ‚
750 2183 782 2206 ut
794 2185 878 2215 patet

197 2223 237 2242 ex
258 2213 371 2252 Digest.
386 2213 441 2243 lib.
458 2215 552 2244 I.Tit.
569 2216 662 2245 13.de
680 2215 785 2246 officio
800 2217 877 2246 Prae-

197 2250 292 2286 fidis,
308 2254 384 2292 Leg.
412 2264 456 2289 19.
489 2264 526 2283 ex
552 2254 738 2284 Callistrato.
775 2254 876 2293 Obfhr-

198 2290 319 2320 vamlum
338 2293 432 2329 ez‘jus
453 2292 576 2322 reddenti
602 2316 611 2328 ,
640 2303 669 2322 ut
700 2294 727 2322 in
754 2293 877 2323 adeundo

199 2330 304 2366 quidem
351 2331 447 2360 afilem
461 2333 492 2370 se
506 2332 629 2369 praebeat
649 2356 657 2368 ‚
672 2332 722 2371 sed
742 2335 877 2363 contemni

200 2377 254 2395 non
284 2372 408 2405 patiatur
437 2384 446 2399 :
470 2371 540 2400 unde
562 2371 703 2401 mandatis
725 2372 876 2410 adficitur,

199 2408 373 2450 nqpraefides
386 2411 591 2447 provinciarum
613 2413 641 2440 in
665 2411 877 2449 ulterioremjiz-

200 2448 387 2478 mlliaritatem
410 2450 595 2486 provinciales
616 2450 767 2481 admittant
784 2465 792 2482 .·
812 2463 876 2482 nam

919 2139 952 2168 8<
983 2139 1043 2167 Cn.
1066 2137 1183 2168 Julium
1205 2138 1385 2177 Agricolam
1412 2147 1502 2168 notat
1541 2139 1592 2169 Cl.

917 2177 1068 2208 Muratori
1083 2201 1092 2214 ‚
1109 2176 1216 2206 Annali
1237 2177 1362 2207 d'lralia.
1378 2178 1510 2208 Tom.1.
1523 2188 1592 2217 pag.

918 2227 988 2253 291.

955 2260 969 2279 4
991 2257 1221 2288 Pom-memus
1243 2258 1471 2293 sAcmDorlo]
1493 2256 1591 2286 Adle-

917 2297 979 2324 etus
998 2296 1037 2325 est
1054 2296 1087 2325 in
1105 2296 1277 2335 collegium
1297 2295 1484 2334 pontificum
1502 2320 1510 2332 ,
1540 2294 1589 2325 cui

917 2342 1042 2372 prceerat
1070 2334 1214 2373 pontifex
1230 2335 1392 2365 maximus.

960 2379 967 2400 i
992 2375 1116 2404 Momm
1141 2376 1388 2411 sempronusus]
1410 2374 1492 2404 Julio
1517 2375 1588 2402 Cae-

917 2413 992 2449 sari,
1010 2413 1106 2444 Livio
1119 2438 1127 2448 ,
1145 2414 1313 2449 Straboni,
1334 2413 1433 2443 Fabio
1449 2411 1588 2449 Rustico2

916 2453 1093 2492 Pomponio
1104 2454 1193 2485 Melae
1204 2475 1214 2490 ,
1232 2453 1335 2485 Plinio
1348 2476 1358 2490 ,
1381 2454 1444 2484 &ca
