1952 2708
653 135 701 177 C.
769 134 1149 179 CORNELII
1213 135 1489 179 TACITI

368 232 513 260 remus.
537 218 640 258 Sunt
667 219 775 259 enim
800 219 981 270 horridi,
1012 222 1053 260 &
1082 217 1286 276 impoliti,
1322 224 1362 261 &
1388 220 1503 261 rudes
1519 249 1532 270 ‚
1562 223 1603 261 ὃς
1631 218 1758 260 infor-

371 296 454 322 mes
466 310 479 330 ,
502 284 542 321 &
563 296 661 335 quos
680 283 833 324 utinam
855 280 964 323 nulla
979 296 1088 339 parte
1105 284 1280 324 imitatus
1301 284 1395 324 esset
1411 282 1560 325 Calvus
1580 283 1705 323 vester
1723 288 1733 305 ¹
1746 311 1760 332 ,

370 358 439 385 aut
465 343 619 386 Coelius
634 374 646 395 ,
675 359 742 386 aut
765 345 848 401 ipse
877 345 1054 386 Cicero?
1081 347 1215 400 Agere
1238 348 1346 386 enirn
1365 346 1506 388 fortius
1526 345 1605 399 jam
1630 350 1671 387 &
1693 361 1761 386 au-

371 408 528 449 dentius
554 407 680 459 volo,
708 409 735 448 fi
760 408 861 449 illud
891 409 983 449 ante
1006 408 1223 464 praedixero
1238 438 1251 458 ‚
1280 410 1425 449 mutari
1451 425 1542 450 cum
1565 410 1761 464 tempori-

371 470 444 512 bus
463 471 609 512 formas
630 486 790 526 quoque
809 475 850 512 &
873 485 1019 526 genera
1039 471 1212 512 dicendi.
1232 473 1300 513 Sic
1324 472 1472 512 Catoni
1493 472 1577 513 seni
1604 476 1617 493 ²
1648 486 1761 512 com·

371 547 529 590 paratus
555 534 602 575 C.
626 536 835 576 Gracchus
862 539 905 584 ³,
934 533 1091 590 plenior
1115 538 1156 574 &
1182 533 1370 582 uberi0r3
1399 535 1451 575 sic
1479 536 1671 576 Graccho
1694 550 1762 590 po-

371 596 483 638 litior
507 601 547 638 &
573 600 752 639 ornatior
777 596 932 637 Crassus
958 602 1001 644 43
1030 597 1082 638 sic
1106 610 1276 652 utroque
1308 598 1523 639 distinciior
1537 627 1551 649 ,
1579 602 1620 639 ὅ(
1645 597 1763 638 urba-

371 661 489 711 nior,
517 664 558 701 &
583 660 701 702 altior
726 660 902 708 Cicero;
933 660 1138 702 Cicerone
1159 662 1296 702 mitior
1315 662 1516 703 Corvinus
1539 666 1580 712 5,
1606 665 1648 701 ὅ(
1670 659 1761 701 dul-

374 724 460 764 cior
474 752 487 773 ,
518 728 558 764 ὅ(
582 725 624 764 in
650 723 781 764 verbis
805 725 932 779 magis
957 723 1196 765 elaboratus.
1221 726 1315 765 Nec
1340 739 1471 779 quaero
1486 755 1499 775 ,
1529 725 1615 778 quis
1640 724 1763 765 diser-

371 786 553 827 tiffimus:
577 788 657 828 hoc
676 788 836 828 interim
858 786 1037 843 probasse
1065 801 1279 828 contentus
1300 788 1412 838 sum,
1435 803 1517 828 non
1540 787 1616 828 esse
1636 801 1762 827 unum

371 848 609 904 eloquentiae
635 849 792 891 vultum
809 880 822 901 ,
861 851 929 891 sed
956 851 996 890 in
1021 849 1101 891 illis
1130 866 1317 906 quoque,
1347 866 1446 905 quos
1474 851 1629 892 vocatis
1657 851 1762 891 anti-

371 927 500 966 quos,
528 912 659 969 plures
692 914 843 970 species
879 913 1150 970 deprehendi3
1176 930 1252 956 nec
1291 915 1419 955 statim
1455 914 1627 955 deterius
1656 913 1763 964 effe,

370 977 477 1029 quod
506 977 704 1017 diversum
731 979 807 1018 est:
837 978 938 1018 vitio
972 991 1104 1018 autem
1130 977 1390 1032 malignitatis
1420 979 1599 1018 humanae
1626 990 1762 1017 vetera

370 1038 526 1096 semper
551 1042 593 1080 in
615 1039 732 1082 laude
746 1072 758 1091 ,
782 1041 984 1097 praesentia
1006 1042 1048 1080 in
1068 1040 1223 1082 fastidio
1253 1041 1328 1082 effe
1348 1040 1376 1081 ⁶.
1397 1042 1510 1082 Num
1533 1039 1762 1081 dubitamus

370 1101 586 1154 inventos,
614 1105 682 1157 qui
707 1119 782 1160 pro
807 1104 964 1145 Catone
986 1105 1164 1159 Appium
1188 1104 1353 1145 Caecum
1378 1109 1392 1131 ⁷
1419 1105 1543 1159 magis
1568 1105 1760 1144 miraren-

376 144 455 190 ¹33

371 1241 540 1272 Orationes
562 1243 626 1281 ejus
649 1243 793 1275 nondum
820 1243 889 1274 satis
911 1242 1047 1281 splendi-

373 1282 424 1311 das
447 1282 571 1318 verbis,
595 1283 646 1313 sed
669 1292 790 1320 acutas,
814 1283 1047 1322 prudentiaeque

372 1320 556 1359 pleniffimas
575 1325 647 1352 ante
663 1323 793 1353 dixerat.

413 1365 421 1378 ¹
450 1361 581 1392 CALvus
608 1363 759 1398 vesi-en]
784 1361 899 1391 Calvus
916 1361 1048 1392 Coelius—

371 1408 434 1438 que
454 1400 517 1436 jam
529 1401 694 1431 memorati
714 1401 800 1439 supra
812 1411 877 1439 cap.
896 1411 944 1438 17.

413 1441 423 1454 ²
449 1441 573 1470 CATONI
593 1442 681 1476 sem]
703 1442 805 1478 Quem
824 1439 945 1479 egregie
962 1450 1048 1469 com-

371 1478 500 1508 mendat
535 1479 748 1516 Quintilianus
774 1501 783 1515 ‚
814 1479 934 1518 Institut.
966 1479 1047 1508 Orat.

372 1517 449 1553 XII,
480 1528 526 1546 11.
556 1517 674 1547 Murcus
693 1518 838 1557 Cenfhrius
867 1518 957 1555 Caro,
979 1517 1048 1547 idem

371 1564 464 1584 orator
476 1580 485 1593 ‚
504 1556 574 1586 idem
593 1557 707 1597 historiae
729 1557 852 1587 conditor
864 1581 873 1594 ‚
887 1557 1047 1596 idemjuris,

370 1593 441 1624 idem
467 1606 556 1625 rerum
580 1597 739 1635 rusticarum
762 1597 954 1637 peritiffimus,
977 1598 1050 1626 inter

371 1643 412 1662 tot
433 1645 529 1671 operas
556 1636 661 1666 miiisiae
680 1661 689 1673 ‚
722 1646 819 1667 tantas
842 1636 912 1666 domi
936 1646 1049 1666 conten-

370 1674 460 1703 tiones
474 1697 482 1710 ,
515 1675 687 1714 rudisceczzlo
708 1677 805 1706 literas
824 1676 943 1706 Graecas
967 1685 1049 1706 aetate

367 1713 428 1751 jam
445 1713 584 1744 declinata*
611 1715 708 1745 didicit
727 1741 736 1754 ‚
760 1726 789 1745 ut
810 1717 870 1756 effen*
897 1716 1050 1745 hominihus

371 1751 530 1783 documento
544 1776 554 1790 ‚
578 1765 610 1783 etz
628 1766 726 1795 quoque
750 1756 855 1793 percipi
873 1756 941 1795 pqffe
955 1779 964 1793 ‚
990 1766 1048 1795 quoe

361 1792 445 1831 fines
466 1794 653 1834 concupiffi’nt.

413 1837 422 1858 3
449 1834 485 1863 C.
506 1834 706 1871 Gmccuus]
734 1835 771 1864 C.
785 1833 940 1865 Gracchus
960 1856 970 1869 ,
989 1834 1046 1864 tri-

369 1871 471 1902 bunus
487 1873 584 1911 plebis
600 1897 608 1910 ,
626 1877 698 1905 cum
715 1873 848 1905 biennio
863 1873 1045 1912 eloquentia

371 1910 406 1941 ὃ(
422 1911 630 1943 seditionibus
652 1914 803 1952 populum
822 1913 978 1952 agitasset,
1001 1912 1047 1942 in-

371 1957 540 1990 teremptus
554 1952 594 1982 est
605 1976 614 1988 ,
632 1954 668 1982 L.
683 1952 813 1991 Opimio
827 1953 954 1983 consule
964 1976 972 1990 ‚
988 1962 1045 1982 an-

371 1998 414 2032 ¹¹9
437 1991 526 2021 Urbis
547 1992 681 2022 conditae
703 2003 868 2022 Dcxxxm.
888 1992 969 2023 Vide
988 1991 1047 2021 Pli-

371 2037 460 2057 nium
473 2053 480 2064 ,
496 2032 568 2061 XIV
581 2055 589 2067 ,
602 2044 632 2068 4.
653 2032 687 2062 δί
701 2033 852 2067 XXXIII,
867 2042 894 2069 3.
905 2033 982 2062 Se&
998 2041 1045 2069 14.

371 2067 714 2136 {lutarchumquoque
730 2071 764 2101 in
784 2070 949 2108 Gracchis,
978 2080 1044 2110 pag.

394 2117 442 2143 24.

409 2150 424 2168 4
446 2147 608 2189 Ctmssus]
629 2149 667 2178 L.
693 2148 812 2179 Crassus
834 2148 883 2179 vir
902 2147 961 2178 fuit
973 2147 1044 2178 elo-

369 2186 580 2223 quentissimus
604 2188 638 2218 ὃ(
660 2187 835 2218 clarissimus
859 2211 867 2224 ‚
900 2187 972 2218 teste
992 2187 1045 2217 Ci-

368 2233 492 2268 cerone·
504 2225 537 2254 in
546 2228 678 2268 Verrem
689 2249 698 2260 ‚
713 2228 755 2256 III
769 2251 777 2263 ,
797 2238 821 2257 1.
843 2227 932 2257 Plura
942 2225 1043 2257 adhuc

368 2262 406 2293 de
425 2274 463 2294 eo
484 2274 516 2293 m
532 2265 615 2295 libro
638 2266 675 2296 de
688 2268 839 2300 Oratore,
852 2267 912 2303 III,
930 2276 955 2295 1.
970 2264 1044 2295 Illud

1087 1243 1225 1274 cacitatis
1253 1251 1434 1282 argumenta
1452 1253 1461 1280 ;
1496 1251 1631 1281 quorum
1655 1240 1762 1280 praeci-

1086 1293 1182 1321 puum
1201 1282 1242 1313 est
1255 1284 1319 1320 ejus
1334 1282 1449 1312 dietum
1464 1281 1497 1310 in
1510 1282 1570 1311 Cn.
1583 1281 1762 1311 Domitium

1087 1323 1333 1353 Ahenobarbum
1346 1322 1427 1352 :Non
1445 1321 1492 1360 effe
1511 1319 1681 1355 mirandum,
1694 1319 1763 1358 quod

1087 1372 1191 1391 aeneam
1218 1361 1331 1390 barbam
1358 1360 1468 1390 haberet
1485 1384 1495 1397 ‚
1520 1360 1564 1389 cui
1577 1369 1607 1389 os
1617 1359 1762 1397 ferreum,

1086 1411 1131 1430 cor
1146 1401 1298 1438 plumbeum
1325 1400 1393 1440 effer.
1412 1402 1531 1430 Sueton
1552 1399 1583 1429 in
1598 1400 1728 1429 Nerone
1751 1421 1762 1436 ,

1086 1442 1124 1471 II.
1145 1442 1192 1471 De
1207 1452 1245 1471 eo
1259 1440 1358 1470 adhuc
1372 1439 1450 1469 infra
1464 1449 1530 1477 cap.
1546 1449 1597 1478 25.

1127 1485 1135 1507 5
1161 1481 1353 1516 Com-inus]
1377 1478 1500 1509 Messala
1511 1477 1670 1509 Corvinus
1680 1501 1689 1514 ‚
1699 1477 1762 1515 jam

1087 1519 1161 1558 saepe
1175 1519 1260 1558 supra
1278 1519 1429 1549 laudatus.

1126 1561 1139 1578 ⁶
1162 1561 1195 1588 Iu
1219 1568 1367 1589 FASTIDIO
1394 1558 1483 1594 ESSE]
1507 1555 1644 1587 Velleius
1662 1556 1763 1586 Pater-

1088 1598 1193 1635 culus,
1216 1599 1265 1634 11,
1290 1608 1341 1637 95.
1370 1595 1521 1636 Praessntia
1538 1594 1667 1632 invidia,
1688 1604 1763 1631 1²1·ae-

1088 1638 1170 1667 terira
1186 1638 1364 1667 veneratione
1377 1635 1566 1675 prosequimur.

1126 1684 1146 1715 7·
1161 1679 1285 1707 Amnum
1316 1678 1435 1707 Circum
1453 1677 1468 1713 ]
1495 1674 1558 1712 Qui
1576 1673 1684 1705 censor
1702 1673 1763 1704 fuit

1087 1727 1172 1748 anno
1204 1717 1294 1747 Urbis
1322 1716 1459 1747 conditae
1485 1725 1631 1745 ccccxui
1649 1736 1658 1750 ‚
1690 1715 1762 1742 cum

1087 1757 1230 1787 nondum
1255 1755 1376 1795 vigeret
1403 1753 1584 1792 eloquentia
1608 1753 1762 1782 Romana.

1087 1796 1179 1834 Appii
1205 1796 1310 1826 laudes
1331 1794 1435 1834 paucis
1462 1793 1556 1825 habet
1580 1800 1669 1835 vetus
1681 1801 1764 1821 mar-

1085 1845 1157 1865 mor
1171 1859 1180 1872 ‚
1209 1835 1296 1872 cujus
1313 1832 1551 1872 Inscriptionem
1570 1831 1681 1862 retulit
1693 1841 1762 1861 eru-

1087 1873 1167 1905 ditus
1188 1873 1345 1904 Antonius
1369 1871 1553 1911 Augustinus
1578 1893 1587 1907 ‚
1620 1869 1762 1910 Dialogos

1086 1913 1117 1942 de
1129 1912 1288 1947 Medallas‚
1306 1912 1444 1951 Dialogo
1458 1912 1485 1941 X
1496 1933 1504 1946 ‚
1527 1920 1595 1949 pag.
1609 1920 1682 1948 412.

1219 1962 1369 1986 APPIVS
1398 1960 1622 1985 CLAVDIVS

1281 2002 1312 2025 C.
1339 2001 1367 2024 F.
1403 2000 1424 2024 C
1436 2000 1477 2023 ΑΕ
1488 1999 1508 2023 C
1522 2001 1541 2021 V
1552 2000 1567 2022 S

1087 2039 1227 2064 CENSOR.
1247 2040 1318 2063 COS.
1337 2039 1393 2062 BIS.
1411 2038 1504 2062 DICT.
1523 2036 1698 2061 INTERREX.
1716 2035 1762 2059 111

1084 2079 1134 2102 PR.
1146 2080 1183 2103 11.
1195 2080 1273 2102 AED.
1286 2078 1366 2102 CVR.
1377 2078 1415 2101 II.
1427 2078 1459 2104 Q.
1470 2077 1522 2100 TR-
1531 2077 1602 2100 ΜΠ..
1619 2076 1671 2098 111.
1686 2074 1762 2098 COM

1084 2118 1196 2142 PLVRA.
1210 2116 1345 2142 OPPIDA.
1365 2117 1417 2140 DE.
1438 2115 1643 2139 SAMNIHBVS.
1659 2113 1762 2136 CEPIT

1121 2157 1322 2181 SABINORVM.
1339 2157 1389 2179 ET.
1401 2154 1588 2178 TVSCORVM.
1604 2151 1727 2175 EXERCI

1082 2197 1159 2219 TVM.
1170 2196 1285 2220 FVDIT.
1297 2194 1416 2217 PACEM.
1426 2193 1526 2216 FIERI.
1537 2189 1761 2216 CVMAEYRRHO

1098 2235 1195 2258 REGE.
1213 2232 1409 2257 PROHIBVIT.
1426 2232 1473 2255 IN.
1488 2230 1646 2255 CENSVRA.
1656 2228 1743 2252 VIAM.

1134 2272 1266 2297 APPIAM.
1289 2269 1438 2294 STRAVIT.
1461 2271 1512 2293 ET.
1531 2269 1658 2297 AQVAM.
1671 2268 1709 2290 IN

365 2301 572 2332 immortalitate
591 2303 703 2343 dignum
725 2307 865 2344 ingenium
881 2329 891 2343 ,
921 2305 970 2334 illa
987 2305 1041 2333 hu-
1097 2310 1216 2333 vRBEM.
1235 2309 1398 2333 ADDYXIT.
1419 2308 1542 2333 ΑΕΒΕΜ.
1568 2305 1743 2332 BELLONAE

365 2342 487 2371 manitas
505 2366 513 2378 ‚
536 2342 584 2372 illa
602 2345 691 2373 virm.-
706 2343 741 2374 L.
758 2344 843 2383 Craffi
856 2369 865 2381 ‚
891 2354 975 2373 morte
989 2354 1040 2372 ex-

1345 2347 1493 2370 FECIT.

354 2379 456 2419 stinaela
464 2382 561 2422 sabini
580 2382 626 2423 est.
645 2384 746 2415 Multa
761 2380 891 2416 manent
906 2384 971 2424 ejus
990 2383 1039 2414 di—
1078 2381 1160 2414 Vide
1191 2381 1226 2414 ὅ(
1257 2379 1414 2413 eruditum
1434 2378 1514 2411 Gori
1526 2402 1536 2418 ,
1563 2376 1759 2419 Inscriptiones

1797 805 1848 832 10

1796 1119 1844 1158 15
