1952 2708
50 791 100 819 10

345 121 556 168 ‘LIBRI
599 121 851 166 OCTAVI
891 124 1276 170 ANNALIUM.
1424 138 1516 181 '327

128 225 151 248 >›
162 207 303 250 salutas
328 223 350 244 »
371 209 385 246 ?
412 206 557 247 Statim
583 202 777 245 Proculus
802 219 825 245 a
849 205 1094 247 senatoribus
1122 223 1329 266 correptus
1356 215 1367 232 ¹
1385 240 1398 262 ,
1426 225 1515 265 gra-
1542 223 1657 245 Ξ

129 274 234 329 phiis
262 268 462 311 confossus
491 271 531 309 ὃς
560 266 771 308 laceratus.
798 265 894 320 Ejus
921 268 1122 319 membra,
1157 285 1262 312 artus
1279 303 1292 323 ,
1324 277 1365 314 &
1395 275 1517 316 visce-

130 349 171 391 ra
186 363 199 384 ,
230 334 350 374 traeta
378 346 447 388 per
474 332 617 381 vicos,
646 330 715 371 ubi
741 344 833 372 ante
866 330 907 372 se
950 334 1138 387 congesta
1164 334 1264 374 vidit
1302 335 1448 388 Caius,
1478 339 1517 379 se

129 398 304 437 amicum
333 395 488 437 senatus
514 398 528 415 ²
559 393 750 451 professus
775 395 859 441 est3
897 394 1102 436 infamiam
1133 398 1264 453 turpi,
1295 398 1363 439 sed
1396 400 1518 456 digni}

128 458 199 501 tali
225 459 437 514 Principe,
464 455 749 499 benevolentia
774 458 1009 514 rependens.

192 523 242 562 L.
274 523 465 562 PATRES
481 551 494 571 ,
526 537 575 562 ne
599 521 642 561 in
666 535 716 562 eo
738 521 974 577 probrorum
1002 524 1220 564 certamine
1240 524 1518 577 vincerentur,

128 581 345 627 vdecrevere
384 601 406 622 «
428 583 545 626 ludos
571 589 612 631 ³3
638 584 805 639 Caiique
831 585 940 626 sedes
956 615 968 635 ‚
995 587 1180 639 quotiens
1204 587 1246 626 in
1280 589 1431 628 curiam
1451 605 1519 630 ve-

129 649 265 689 »niret
287 677 300 698 ,
335 648 377 688 in
415 647 624 688 editiffimo
664 646 853 688 tribunali
887 647 1155 690 collocaretur
1181 679 1195 700 ‚
1233 650 1418 691 omnibus
1459 653 1520 692 in·-

129 712 254 762 >›via,
283 709 526 764 militarique
569 711 696 751 cinCta
733 711 908 767 praelidio
938 725 1054 752 :ante
1083 711 1167 765 ejus
1192 713 1333 754 statuas
1353 729 1519 769 ageren-

129 786 225 815 »tur
253 772 429 814 excubiae
457 791 500 814 ».
538 774 638 828 Quae
660 773 878 830 suspicioso
905 775 1083 831 Principi
1111 776 1209 817 adeo
1234 776 1448 833 placuere,
1473 790 1520 819 ut

128 841 172 878 &
197 838 365 892 gratiam
391 852 483 878 cum
511 837 649 878 senatu
675 837 872 888 firmaret,
903 842 943 878 ὃ(
969 853 1064 894 opes
1092 841 1344 895 promitteret
1370 846 1401 881 4.
1426 841 1520 881 Ma-

127 901 284 940 ximum
322 899 472 956 placati
511 902 632 941 animi
671 914 950 956 argumentum
987 902 1063 943 fuit
1102 903 1349 958 Pomponius
1384 908 1412 944 5.
1452 903 1517 944 Ab

127 964 260 1004 amico
287 961 496 1015 majestatis
521 962 764 1019 postulatus,
795 963 997 1006 absolutus
1025 966 1107 1012 est3
1142 969 1183 1007 ὅ(
1207 966 1355 1007 femina
1383 968 1520 1008 amici-

127 1026 183 1066 tiai
212 1027 410 1067 incertum
443 1042 492 1067 an
525 1028 656 1084 stupro
688 1026 705 1049 ⁶
735 1029 773 1068 ei
800 1026 993 1083 inligata,
1029 1029 1137 1083 quod
1166 1031 1397 1071 excruciata
1427 1045 1519 1085 gra-

127 1089 287 1131 vissimis
311 1091 548 1141 tormentis,
583 1089 685 1130 nihil
712 1091 807 1132 effet
834 1091 1034 1142 confessa,
1070 1094 1238 1148 praemiis
1267 1093 1452 1134 donatur.

189 1153 265 1193 LI.
299 1155 414 1208 Quo
440 1155 587 1195 rariora
617 1155 678 1194 his
703 1153 949 1210 temporibus
979 1154 1201 1196 clementia:
1228 1156 1438 1212 exempla,
1467 1153 1519 1198 eo

126 1214 237 1256 fuere
264 1215 538 1257 celebratiora.
569 1234 591 1254 (ε
626 1216 771 1258 Caium
798 1219 1060 1259 humanarum
1091 1220 1285 1260 virtutum
1315 1220 1515 1275 fastigium

126 1279 234 1320 »effe
258 1279 545 1335 supergressum
566 1297 589 1316 2>
612 1295 752 1322 omnes
778 1279 1012 1322 clamitant:
1032 1282 1147 1322 multi
1178 1300 1199 1319 «
1229 1284 1332 1324 inter
1356 1284 1515 1325 Heroas

127 1341 465 1383 »adscribendum
497 1360 519 1380 >2
548 1343 712 1384 censent
736 1360 745 1384 ε
774 1342 906 1400 plures
940 1359 1086 1386 numen
1120 1343 1205 1397 ejus
1235 1360 1476 1387 venerantur
1499 1376 1515 1398 7

167 1469 176 1483 ¹
201 1466 227 1493 A
252 1474 463 1496 srmronmus
493 1467 701 1503 conum-us]
736 1465 799 1496 Dio

127 1502 210 1532 ibid.
243 1504 362 1534 Omiss'o
392 1503 544 1539 nomine,
573 1504 739 1535 Suetonius
769 1505 800 1534 in

127 1543 230 1579 Caio,
260 1545 403 1574 XXVIII.
425 1543 494 1572 Cum
517 1542 630 1582 discerpi
646 1544 801 1582 senatorem

127 1581 286 1620 concnpzffet
310 1605 320 1619 ‚
338 1582 501 1621 subornavit
533 1582 577 1619 qui
603 1582 801 1622 ingredientem

126 1621 231 1649 curiam
247 1624 354 1658 repente*
375 1621 469 1660 hostem
480 1621 615 1658 publicum
633 1622 802 1659 appellantes

125 1659 289 1689 invaderent
302 1684 311 1697 ,
328 1660 499 1700 graphiijilue
515 1661 654 1700 consoffizm
675 1661 802 1691 laceran-

125 1698 188 1728 dum
208 1700 305 1729 ceteris
326 1699 480 1730 traderent.
511 1700 573 1730 Nec
599 1703 665 1730 αιιτέ
679 1701 802 1739 Jiztiatus

125 1737 177 1776 est,
202 1741 279 1776 qun’m
297 1739 414 1768 membra
441 1739 470 1768 [r
494 1748 572 1769 artus
592 1739 623 1769 Cr
643 1741 745 1780 viscera
758 1741 803 1770 ho-

125 1776 210 1805 minis
239 1777 326 1806 τταέἶα
350 1788 398 1815 per
426 1779 501 1808 vicos
522 1803 532 1817 ‚
574 1789 654 1818 atque
684 1789 750 1810 ante
769 1782 802 1819 se

126 1815 251 1854 congesta
269 1816 382 1857 vidiffet.

168 1860 180 1873 ²
199 1857 237 1885 SE
255 1867 381 1887 ΑΜιευΜ
400 1867 532 1888 snum-us
548 1858 562 1894 ]
581 1857 644 1887 Dio
664 1857 742 1888 ibid.

169 1899 178 1920 ³
202 1895 394 1927 DECREVERE
416 1899 538 1935 runos]
551 1897 622 1927 Haec
637 1905 800 1937 ceteraque

128 1933 212 1970 Dio,
234 1935 316 1964 LIX.
328 1944 392 1974 pag.
403 1940 473 1965 660.

167 1977 183 1996 4
203 1974 284 2002 Opts
306 1975 553 2010 PROMlTTERET]
579 1975 641 2005 Dio
659 1975 734 2006 ibid.

170 2017 179 2038 5
204 2013 409 2047 Pomomus]
430 2014 532 2049 Idem,
548 2022 580 2044 ut
601 2014 744 2050 videtur,
765 2024 801 2045 ac

128 2051 320 2089 Pomponius
343 2053 500 2082 Secundus
517 2076 525 2089 ,
543 2053 580 2082 de
597 2063 661 2091 quo
689 2054 803 2083 dicium

128 2089 171 2120 est
199 2091 310 2120 Annal.
337 2093 363 2121 V
385 2115 394 2126 ‚
423 2093 450 2122 8.
470 2092 504 2122 ὃ(
525 2091 556 2120 in
569 2092 662 2122 Notis
673 2093 803 2131 Supple-

128 2137 226 2160 ment.
247 2130 444 2167 Annal-Vll,
468 2133 495 2160 8.
520 2131 590 2168 Ejus
605 2131 702 2161 vitam
718 2131 804 2170 scrip-

130 2167 208 2198 serat
233 2169 349 2199 Plinius
370 2194 379 2206 ,
408 2170 615 2209 retuleratque
654 2181 763 2200 cenam
795 2193 803 2206 ‚

130 2217 225 2244 quam
240 2207 300 2238 hoc
313 2219 397 2239 anno
407 2233 416 2244 ‚
429 2208 510 2239 forte
524 2216 557 2238 ut
568 2209 677 2248 gratias
690 2218 803 2249 ageret,

130 2245 212 2276 Caio
233 2247 366 2286 Principi
398 2248 485 2278 dedit
509 2249 698 2286 Pomponius
727 2260 735 2278 :
759 2249 803 2279 ibi

132 2284 334 2316 ministratum
345 2287 464 2324 vinum,
474 2288 511 2317 L.
528 2287 656 2326 Opimio
666 2287 804 2325 consule,

134 2333 218 2354 anno
233 2326 321 2355 Urbis
337 2326 472 2356 conditae
493 2338 645 2357 Dcxxxin
660 2351 669 2364 ‚
689 2327 722 2357 id
739 2328 780 2357 est
795 2351 804 2364 ‚

135 2372 193 2394 cix
208 2364 295 2395 annis
313 2368 383 2397 ante
404 2365 573 2405 fignatum,
597 2367 683 2406 qu'us
699 2365 803 2407 fingu-

840 1465 876 1496 1ae
906 1465 1006 1496 unciae
1042 1466 1210 1505 nongentis
1243 1466 1398 1506 sexaginta
1419 1478 1516 1499 num-

840 1504 896 1534 mis
922 1529 931 1542 ,
966 1505 1094 1535 Gallica:
1125 1514 1261 1536 monetae
1297 1507 1382 1536 libris
1429 1511 1484 1538 186
1505 1531 1516 1544 ,

840 1544 1031 1574 constabant.
1069 1545 1203 1575 Pretium
1245 1547 1320 1575 vero
1359 1547 1514 1585 amphorae

842 1594 1049 1614 mccccxxum.
1070 1595 1151 1614 1>ch
1167 1596 1221 1619 us,
1236 1585 1363 1616 Gallica:
1379 1596 1516 1617 moneta]

840 1622 926 1653 librae
946 1625 1087 1661 179‚486.
1104 1623 1180 1653 Plin.
1199 1625 1271 1653 XIV
1285 1648 1294 1660 ,
1317 1635 1343 1664 5.
1356 1625 1515 1664 Amphora

837 1663 933 1698 pinsas
944 1685 952 1697 ,
966 1671 998 1692 ut
1010 1662 1178 1701 loquimur,
1196 1662 1371 1694 Parifienses
1383 1667 1419 1694 28
1432 1676 1514 1695 con-

840 1700 971 1732 tinebat.
998 1702 1073 1732 Non
1086 1702 1199 1732 mirum
1213 1713 1286 1740 ergo
1301 1703 1433 1743 singulas
1457 1715 1517 1734 un-

840 1741 920 1776 cias,
944 1741 995 1771 seu
1012 1741 1156 1779 exiguum
1179 1742 1326 1780 scyphum
1349 1766 1357 1777 ‚
1390 1744 1516 1774 valuifl‘e

841 1779 968 1811 Gallicae
1010 1782 1118 1811 nostrae
1145 1789 1280 1811 monetae
1323 1782 1414 1813 libras
1446 1785 1515 1813 186.

841 1821 910 1850 Haec
926 1828 1031 1850 autem
1052 1830 1085 1850 ut
1110 1831 1126 1850 a
1146 1820 1254 1850 nostris
1274 1821 1372 1851 ufibus
1390 1820 1492 1852 aliena
1505 1844 1515 1858 ‚

840 1858 882 1888 ita
903 1859 1101 1889 incredibilia
1127 1859 1285 1889 videntur.
1306 1863 1347 1890 At
1368 1860 1404 1890 iis
1420 1861 1516 1891 fidem

840 1898 914 1928 facit
926 1898 1056 1928 Polonia
1069 1922 1077 1935 ‚
1098 1898 1150 1928 ubi
1168 1921 1176 1933 ‚
1193 1908 1226 1928 ut
1248 1899 1354 1929 audivi
1378 1910 1394 1929 a
1418 1901 1515 1931 nobi-

840 1937 919 1967 libus
936 1938 1064 1968 Polonis
1076 1961 1084 1973 ‚
1104 1937 1214 1967 vinum
1231 1938 1442 1977 Hungaricum
1462 1949 1516 1978 pet

841 1976 997 2016 sexaginta
1019 2000 1028 2012 ‚
1051 1977 1149 2007 immo
1171 1987 1225 2015 per
1245 1988 1370 2008 centum
1396 1978 1429 2008 &
1451 1989 1517 2009 am-

840 2015 920 2054 plius
937 2026 1054 2053 annos,
1072 2016 1247 2046 adservatur
1262 2028 1270 2053 ;
1287 2017 1424 2048 maximo
1441 2026 1516 2050 tunc

842 2054 943 2093 pretio
970 2078 979 2089 ‚
1010 2055 1043 2084 &
1070 2056 1155 2094 quod
1187 2056 1226 2085 ad
1259 2057 1393 2086 Romani
1427 2057 1516 2094 hujus

843 2093 910 2122 vini
925 2094 1063 2123 valorem
1075 2095 1221 2131 accedat,
1239 2104 1388 2134 quantum
1400 2097 1517 2136 patitur

842 2132 998 2171 utriusque
1015 2132 1136 2171 imperii
1152 2133 1286 2164 fortuna.

882 2173 894 2190 ⁶
916 2174 1081 2201 INCERTUM
1112 2184 1151 2202 Au
1177 2183 1295 2205 sturno
1318 2175 1332 2211 ]
1362 2176 1516 2216 Ambigua

843 2211 926 2240 enim
946 2212 1026 2249 apud
1040 2211 1177 2241 Dionem
1207 2213 1266 2243 loc.
1293 2214 1346 2244 cit.
1371 2225 1454 2252 vox,
1475 2218 1518 2247 τὲ,

844 2250 940 2288 ἑταίραν
952 2255 1024 2280 adri.
1039 2250 1159 2281 Prorsus
1179 2250 1329 2283 diversam
1353 2254 1408 2284 effe
1422 2265 1438 2284 a
1452 2265 1519 2285 mu-

843 2289 918 2319 liere
948 2289 1093 2320 libertina
1117 2313 1126 2327 ‚
1156 2291 1194 2320 de
1217 2301 1276 2330 qua
1300 2292 1412 2323 difium
1429 2294 1515 2332 supra

844 2328 875 2358 in
888 2329 1111 2367 Supplemento
1124 2330 1237 2360 Annal.
1248 2332 1305 2361 VII
1316 2355 1325 2368 ,
1344 2343 1389 2369 14.
1407 2344 1444 2362 ex
1460 2343 1518 2362 no—

842 2367 929 2399 mine
948 2376 1187 2408 temporumque
1207 2370 1329 2402 ratione
1343 2380 1438 2411 patet,

1540 264 1569 288 A.
1583 264 1612 287 U.
1625 263 1659 287 C,

1562 320 1636 349 793·

1569 368 1629 392 ic.

1574 424 1627 453 40.
