1952 2708
362 145 451 182 300
653 107 1459 176 SUPPLEMENTUM

223 229 338 251 Ξ--ῑ
358 210 589 251 messatione
617 208 786 265 quadam
814 214 855 253 in
881 214 1138 269 apophoretis
1167 219 1177 235 ¹
1209 214 1333 254 vicies
1361 213 1576 254 sestertium
1606 216 1620 233 ²
1648 220 1745 254 con*

222 267 337 290 ΛΜ·
359 274 493 314 ferret.
524 274 627 315 Cum
656 278 752 316 vero
779 277 820 315 in
852 275 1021 317 libidine
1058 292 1273 330 numquam
1312 277 1358 316 sit
1396 277 1563 326 modus,
1598 291 1745 330 equum

243 322 315 350 792.

249 369 269 391 J.
283 369 312 392 C.

258 424 306 449 39-

360 336 473 376 suum
497 366 509 387 ,
548 353 665 391 quem
705 340 925 378 Imitatum
953 339 1179 394 appellabat
1208 345 1217 367 ³
1248 369 1262 389 ,
1304 338 1489 380 civilibus
1525 339 1747 380 honoribus

363 398 522 441 extulit.
559 402 701 441 Praeter
732 401 863 455 equile
892 416 1187 451 marmoreum,
1223 406 1264 441 ὅ(
1292 403 1461 457 praesepe
1495 401 1711 442 eburneum
1732 430 1746 452 ,

363 478 638 518 purpureaque
658 477 890 519 tegumenta
905 495 918 515 ,
942 480 988 506 ac
1007 463 1159 505 monile
1181 480 1201 504 e
1225 466 1393 519 gemmis
1416 494 1429 513 ,
1455 465 1620 504 domum
1648 479 1746 518 quo-

364 541 441 579 que
458 530 497 566 &
511 526 704 567 familiam
718 527 1053 583 &supelleclilem
1070 527 1200 577 dedit,
1217 529 1296 581 quo
1311 526 1454 567 lautius
1473 528 1636 567 nomine
1662 525 1746 578 ejus

364 589 524 629 invitati
560 591 853 646 exciperentur.
875 591 1131 644 Quandoque
1163 591 1283 630 etiam
1311 604 1402 629 eum
1428 590 1476 630 ad
1503 604 1644 630 cenam
1670 604 1747 630 vo-

364 651 505 702 cabat,
529 653 709 694 inaurato
734 653 888 694 hordeo
913 654 1090 709 apposito
1105 683 1119 704 ,
1149 654 1324 707 vinoque
1347 652 1503 708 poculis
1524 654 1650 694 aureis
1673 653 1748 692 mi-

361 716 521 756 nistrato
546 733 552 755 z
580 731 649 771 per
684 714 767 767 ejus
795 715 962 757 salutem
990 721 1030 757 ὃ(
1053 717 1199 757 famam
1214 715 1393 768 jurabat3
1429 715 1647 770 consulque
1665 715 1746 756 des-

361 777 586 828 tinabatur,
619 776 762 833 magna
788 780 1011 835 Principis,
1036 779 1186 832 majore
1214 779 1465 820 adulatorum
1492 778 1668 819 infamia.

423 842 473 883 V.
509 843 629 882 HAEC
663 855 798 882 tamen
825 843 1014 893 modica,
1057 847 1098 884 δε
1137 844 1179 882 in
1219 858 1439 898 paucorum
1481 840 1747 883 deridiculum

359 904 566 945 ruinamve
590 906 766 946 inventa.
795 906 852 946 At
873 906 1051 947 successu
1076 906 1296 955 inescatus,
1320 907 1580 958 omniumque
1603 904 1746 960 opibus

358 967 516 1008 inhians
532 997 545 1018 ,
574 969 706 1018 viros,
734 968 900 1010 feminas
916 999 930 1020 ,
960 984 1099 1010 omnes
1125 969 1204 1009 fine
1229 968 1317 1009 ullo
1334 969 1574 1010 ‚discrimine
1603 968 1747 1009 divites

359 1031 555 1086 corripuit
571 1036 601 1071 4.
629 1030 951 1086 Excogitataque
972 1031 1068 1073 mali
1083 1032 1258 1073 remedia
1275 1033 1442 1073 exitium
1465 1046 1744 1087 properavere.

359 1091 463 1132 Cum
480 1095 585 1133 enim
600 1123 612 1143 ,
630 1092 776 1145 injecto
793 1108 902 1135 metu
916 1124 928 1145 ,
945 1095 990 1135 ab
1008 1097 1157 1149 ignotis
1174 1096 1277 1145 inte-r
1292 1094 1524 1145 familiares,
1539 1111 1558 1135 a
1573 1096 1745 1150 parenti-

355 1153 429 1196 bus
458 1157 562 1196 inter
592 1155 739 1197 liberos
767 1158 900 1213 passim
928 1159 1042 1199 heres
1073 1170 1398 1214 nuncuparetur,
1428 1160 1579 1211 quanto
1606 1158 1744 1198 formi-

356 1217 531 1260 doloslor
548 1249 560 1269 ,
590 1221 705 1260 tanto
731 1222 932 1270 atrocior,
962 1220 1145 1275 derzjbres
1173 1221 1378 1262 vocitabat
1406 1226 1452 1271 5,
1476 1222 1543 1274 qui
1572 1222 1657 1277 post
1686 1219 1745 1260 su·

356 1296 511 1336 premas
539 1281 693 1323 tabulas
718 1285 853 1324 vivere
883 1298 1124 1340 pergerent,
1153 1283 1368 1338 multisque
1395 1297 1610 1325 venenatas
1635 1299 1744 1325 mac-

354 1356 438 1384 teas
466 1343 483 1365 ⁶
510 1346 623 1385 mislt-
652 1347 866 1386 Seniorum
894 1353 1017 1397 vero,
1055 1347 1196 1401 quibus
1224 1349 1349 1388 vitam
1376 1347 1631 1404 permittebat
1653 1377 1665 1397 ,
1701 1347 1742 1386 se

355 1405 484 1446 filium
497 1422 742 1464 nepotemve
758 1409 960 1462 diffitems,
971 1412 1176 1465 statimque
1191 1414 1400 1468 occupatis
1414 1410 1742 1461 bonis,heredem

356 1469 396 1509 se
424 1471 677 1511 renuntiabat
703 1477 732 1512 ⁷.
846 1507 858 1513 ,

419 1534 497 1574 VI.
532 1536 779 1583 NEQUIOR
805 1536 936 1577 adhuc
954 1567 966 1586 ,
995 1535 1111 1590 quam
1134 1534 1316 1588 stultior,
1342 1539 1532 1595 Princeps
1548 1567 1560 1588 ‚
1590 1538 1742 1592 flagitia

354 1594 539 1651 ampliori
562 1599 775 1639 criminum
802 1601 966 1640 materie
995 1599 1163 1641 obtexit.
1190 1600 1353 1641 Curiam
1382 1603 1489 1642 enim
1517 1601 1641 1651 adiit,
1671 1617 1742 1656 pa-

353 1659 510 1713 tresque
538 1660 749 1703 adlocutus
766 1692 778 1713 ,
808 1661 891 1703 aitss
924 1680 932 1702 2
961 1681 982 1699 <c
1007 1664 1140 1703 mirari
1168 1663 1208 1704 se
1237 1663 1283 1704 ab
1320 1666 1367 1706 iis
1394 1666 1506 1720 argui
1534 1663 1742 1720 sapientist

395 1781 403 1794 ¹
427 1776 459 1804 IN
489 1776 711 1809 Apopflonns
743 1780 757 1816 ]
790 1778 990 1823 Apophoreta
1020 1803 1029 1816 ‚
1109 1784 1124 1803 4
1144 1779 1281 1811 D1v1TEs
1305 1789 1476 1811 conmpmr
1499 1780 1513 1816 ]
1535 1778 1597 1809 Dio
1619 1802 1627 1813 ‚
1659 1779 1743 1808 LIX'.

353 1824 480 1844 munera
500 1825 607 1852 erant,
627 1828 694 1857 quae
714 1828 858 1848 convwn
882 1818 1028 1849 dominus
1070 1828 1136 1858 pag.
1160 1823 1230 1858 651.
1257 1821 1385 1850 Sueton.
1410 1819 1441 1848 in
1462 1818 1540 1848 Caio
1568 1819 1753 1848 XXXVIII„

353 1853 500 1884 convivis
524 1856 625 1886 dabat.
645 1857 693 1886 Sic
717 1858 896 1889 Antoninus
918 1858 1029 1889 Helio-
1069 1859 1114 1888 Eo
1134 1858 1194 1888 astu
1213 1858 1300 1895 usus,
1326 1859 1397 1888 teste
1419 1857 1570 1888 Suetonio
1584 1881 1593 1894 ‚
1617 1865 1650 1888 ut
1672 1867 1743 1887 om·-

354 1894 480 1931 gabalus
501 1916 509 1929 ‚
541 1895 611 1925 vitae
642 1895 784 1927 foeditate
802 1921 810 1933 ‚
840 1907 875 1927 ac
903 1906 1026 1935 morte,
1069 1897 1153 1927 nium
1184 1898 1269 1928 irrita
1296 1908 1436 1936 vanaque
1468 1897 1646 1926 testamenta
1666 1907 1744 1934 pro-

354 1932 434 1976 Caio
459 1932 541 1963 haud
571 1934 715 1965 abfimilis
734 1959 742 1972 ‚
779 1936 857 1974 apud
883 1937 1027 1975 Lampri-
1069 1936 1245 1973 nuntiaret,
1265 1938 1433 1976 quoscumque
1450 1937 1509 1974 quis
1531 1936 1632 1965 diceret
1647 1935 1742 1964 herede

354 1972 439 2001 dium
455 1973 526 2001 XXI
540 1996 548 2009 ,
561 1973 708 2003 Eunuchus
725 1985 771 2010 pro
788 1975 957 2012 apophoretis
976 1976 1026 2005 de-
1069 1975 1176 2014 Ccefizre
1204 1977 1271 2005 mori
1299 1976 1442 2015 destinast.
1466 1976 1541 2005 Inde
1565 1975 1740 2014 excogitata

353 2010 394 2039 dit
407 2023 415 2038 .·
430 2010 501 2039 dedit
520 2012 689 2052 quadrigar,
710 2015 943 2053 equos,straws,
968 2026 1028 2044 mu-
1067 2014 1120 2045 illa
1141 2015 1317 2046 testamenta
1331 2040 1339 2050 ‚
1368 2015 1478 2054 quibus
1497 2015 1598 2053 passim
1620 2015 1740 2053 palam-

350 2049 410 2094 λος,
434 2050 573 2088 basternas
594 2052 623 2081 ἓν
647 2051 745 2081 rhedas
760 2067 768 2081 .·
785 2053 858 2083 dedit
883 2054 913 2083 ὓ*
933 2065 1029 2084 aureos
1067 2064 1126 2093 que
1143 2055 1229 2085 heres
1253 2056 1461 2085 scribebatur:
1481 2063 1512 2084 at
1530 2065 1615 2085 nova
1633 2054 1738 2084 malo-

352 2088 493 2125 mzlle'lffls,
516 2090 642 2134 Gallicae
663 2102 798 2123 monetae
818 2093 910 2124 libras
933 2094 1027 2125 circi-
1066 2104 1132 2124 rum
1151 2095 1237 2124 causa
1254 2095 1403 2125 exstitere.

351 2136 541 2172 te1230‚000.
576 2134 604 2158 *υ*
635 2141 748 2160 centena
775 2132 863 2169 pondo
891 2135 1026 2173 argenti,
1107 2139 1115 2159 5
1145 2134 1322 2165 Dssklsonrs
1353 2143 1534 2166 VOCITAEAT
1565 2133 1581 2169 ]
1607 2134 1737 2163 Suetom

351 2167 479 2198 Galhcae
499 2178 632 2200 monetae
653 2171 744 2201 libras
762 2176 866 2211 6,536.
1065 2172 1126 2202 Ioc-
1154 2173 1205 2203 cit.

391 2209 402 2222 ²
426 2209 533 2250 Vrems
555 2218 751 2241 srsrtRTiuM
771 2213 786 2248 ]
810 2210 938 2242 Gallicae
957 2222 1025 2243 mo·
1103 2214 1116 2231 ⁶
1138 2213 1288 2243 MAcTEAs
1311 2213 1324 2248 ]
1347 2213 1470 2242 Maeteae
1492 2211 1562 2242 sunt
1587 2220 1652 2241 rara
1681 2221 1735 2241 ex-

350 2252 430 2275 netae
452 2246 542 2276 libras
567 2251 709 2288 389‚252.
1064 2251 1234 2290 quifitaque
1257 2251 1369 2280 edulia.

369 2323 375 2327 1
391 2290 407 2328 3·
426 2287 601 2316 ΙΝριτΑτυΜ
625 2292 848 2327 ΑΡΡΕηΑΒΑτ]
868 2291 926 2320 Has
939 2290 1025 2320 Prin·
1102 2297 1114 2315 7
1136 2291 1386 2327 mmmmm]
1409 2289 1470 2320 Dio
1485 2313 1493 2325 ,
1516 2289 1576 2319 loc.
1596 2288 1649 2318 cit.

348 2333 424 2361 elpis
444 2323 576 2355 insanias
605 2336 781 2357 memorant
804 2329 971 2359 Suetonius
991 2329 1025 2358 in
1103 2329 1113 2347 ⁸
1137 2331 1326 2360 ADLOCUTUS
1342 2353 1351 2365 ‚
1383 2339 1437 2358 arr
1459 2333 1470 2363 ]
1499 2330 1570 2358 Haec
1595 2328 1731 2366 pluribus

349 2363 447 2404 Caio,
463 2365 529 2397 LV.
548 2364 629 2405 Dio,
648 2367 730 2398 LIX.
743 2377 810 2406 pag.
827 2369 937 2407 650&
951 2372 1024 2406 651.
1061 2367 1142 2408 Dio,
1155 2369 1238 2400 LlX.
1253 2378 1320 2408 pag.
1336 2372 1391 2408 651
1414 2368 1448 2400 ὅ(
1461 2371 1531 2408 652.
1543 2367 1647 2399 Paucis
1659 2370 1733 2399 Sue-

1777 789 1829 816 10

1776 1099 1824 1138 15

1769 1419 1825 1445 20
