1952 2708
385 144 576 185 LIBRI
623 142 905 185 OCTAVI
945 143 1329 188 ANNALIUM.
1460 162 1547 198 317

223 224 736 265 XXXII.MENT13US
778 224 826 264 ad
868 225 1001 265 inania
1034 228 1231 267 conversis
1258 256 1270 278 ,
1315 226 1685 284 probrosam=—

160 288 478 342 negotiationem
511 293 520 309 ¹
538 287 650 337 ,sed
680 286 877 328 lucrosam
902 316 915 338 ,
954 288 1134 328 instituit.
1161 291 1255 329 Nec
1283 306 1374 330 eum
1407 292 1549 347 puduit

161 351 436 392 damnatarum
461 351 643 391 sororum
666 363 926 401 ornamenta,
960 349 1277 406 supellectilem,
1319 353 1476 406 servos,
1507 355 1549 396 11-

157 413 292 454 bertos
320 429 478 468 quoque
504 418 519 434 ²
547 414 720 455 vendere
736 443 749 464 ,
776 414 926 455 cunetis
954 415 1010 453 rei
1033 416 1215 454 novitate
1232 444 1244 464 ,
1275 417 1435 457 emendi
1458 417 1549 472 glo-

103 486 130 529 5
159 474 242 527 ria,
271 476 421 530 majore
449 490 582 533 empta
618 477 840 519 ostentandi
866 477 1041 517 vanitate
1062 507 1074 527 ,
1111 476 1374 520 licitantibus.
1412 480 1551 523 Lucro

157 540 378 590 invitatus,
399 541 592 594 quidquid
618 542 867 581 instrumenti
895 542 1040 582 veteris
1069 538 1165 580 aulae
1194 541 1348 591 fuerat,
1377 542 1424 582 ab
1442 543 1550 586 Urbe

156 605 320 659 repetiit
359 616 440 644 tam
477 604 696 645 immodice
719 633 732 654 ,
768 618 838 654 ut,
873 604 1138 658 undequaque
1171 606 1465 660 comprehensis
1499 607 1550 648 ad

156 665 449 721 deportandum
474 666 673 707 vehiculis
700 671 740 707 ὃς
767 665 984 719 jumentis,
1013 667 1112 722 saepe
1141 682 1300 707 annona
1328 669 1468 708 Romae
1495 671 1552 710 in-

155 730 407 783 gravesceret
423 759 436 780 ,
461 733 501 770 ὃς
529 729 777 784 litigatorum
805 729 966 786 plurimi
980 760 993 780 ,
1013 729 1121 784 quod
1139 745 1350 772 occurrere
1369 730 1550 774 absentes

69 805 131 841 710
157 792 206 833 ad
233 793 509 834 vadimonium
539 809 620 834 non
649 794 831 850 possent,
866 791 983 835 causa
1006 794 1194 835 caderent
1225 799 1252 835 ³.

220 855 456 898 XXXIII.
490 857 834 899 VENDlTIOle
869 857 1076 898 infamiam
1112 858 1212 898 vicit
1247 859 1442 914 Principis
1479 859 1549 900 de-

158 919 294 960 decus.
335 922 436 961 Non
470 923 623 960 tantum
661 922 792 970 testis,
822 920 889 960 sed
916 936 1075 976 praeco,
1108 934 1153 961 ut
1188 922 1305 961 citius
1342 922 1548 976 cariusque

157 981 416 1036 distraheret,
439 982 590 1038 singula
611 983 872 1030 venditabat3
904 1001 924 1019 «
957 985 1037 1025 hoc
1070 985 1190 1040 patris
1217 1014 1230 1034 ,
1265 986 1346 1025 hoc
1372 988 1507 1026 matris
1533 1015 1547 1035 ‚

155 1046 270 1086 »hoc
300 1047 392 1096 avi,
421 1048 502 1087 hoc
532 1049 671 1102 proavi
697 1047 791 1087 effe:
809 1049 890 1087 hoc
916 1062 966 1087 ex
980 1049 1163 1103 AEgypto
1184 1047 1438 1099 Antonium,
1469 1051 1550 1090 hoc

77 1119 126 1158 15
154 1124 176 1145 >³
187 1122 238 1148 ex
259 1108 423 1150 Aeliae&
446 1109 609 1151 victoria
633 1112 857 1166 Augustum
882 1110 1096 1166 reportasse
1121 1128 1142 1146 »
1170 1109 1378 1152 clamitans
1404 1117 1435 1153 4.
1456 1113 1548 1153 Mo-

155 1172 208 1212 d‘o
238 1170 453 1214 lenociniis
482 1174 698 1228 grassatus,
730 1173 851 1214 laetari
884 1191 905 1209 «
945 1187 1026 1214 tam
1055 1175 1217 1228 egregia
1255 1176 1505 1216 monimenta
1531 1205 1546 1227 ,

152 1237 306 1276 »tantis
336 1235 613 1278 nobilitatibus
647 1236 836 1287 illustria,
870 1236 917 1276 ad
946 1235 1115 1286 Gallos,
1147 1237 1265 1277 fidam
1297 1240 1548 1292 amicamque

151 1312 378 1353 »gentem,
407 1299 595 1340 devenire
626 1317 668 1340 ³).
708 1300 842 1340 Modo
869 1301 1139 1354 paenitentiam
1167 1299 1377 1351 simulans,
1407 1301 1546 1342 dolere

160 1378 183 1398 «
208 1362 317 1416 qubd
343 1362 631 1418 Principalium
664 1378 791 1403 rerum
828 1364 990 1418 privatis
1019 1364 1179 1418 copiam
1207 1363 1357 1404 faceret
1383 1381 1426 1404 2).
1450 1365 1548 1405 Pos-

67 1441 124 1468 20
154 1437 218 1465 tea
243 1425 433 1466 audacior
460 1440 661 1482 emptores
688 1428 921 1482 increpare,
955 1444 976 1463 <c
1005 1441 1104 1480 quos
1131 1442 1213 1467 non
1239 1427 1408 1482 puderet
1434 1427 1546 1468 locu-

153 1487 376 1543 »pletiores
390 1489 466 1530 esse
482 1519 494 1539 ,
527 1489 644 1543 quam
661 1491 891 1546 Principem
906 1506 947 1529 >›.
971 1489 1128 1529 Exinde
1145 1491 1187 1528 in
1207 1504 1346 1531 omnes
1375 1491 1546 1532 divitum

153 1551 334 1592 fortunas
362 1554 547 1599 inruere3
578 1557 618 1594 ὃς
646 1553 754 1607 quod
782 1555 822 1593 in
851 1551 1007 1592 miseria
1034 1551 1221 1592 ultimum
1252 1554 1334 1604 est,
1374 1569 1443 1608 per
1484 1556 1548 1594 in-

152 1614 341 1655 xifionem
371 1615 504 1655 saevire
533 1621 560 1655 5.
597 1616 643 1656 Id
675 1614 840 1672 publico
872 1630 964 1656 cum
993 1614 1100 1655 lucin
1127 1628 1296 1671 experta:
1332 1616 1422 1657 sunt
1448 1616 1548 1658 Gal-

153 1675 214 1716 liae
231 1707 244 1728 ,
273 1680 363 1719 cum
392 1679 582 1734 Princeps
609 1679 813 1734 quondam
839 1678 996 1719 luderet
1027 1675 1138 1729 alexi,
1166 1693 1242 1719 nec
1272 1681 1442 1734 pecunia
1468 1680 1547 1721 suf-

67 1745 120 1783 25
153 1740 320 1791 ficeret,
350 1741 526 1791 secessit,
569 1759 590 1779 (ε
636 1741 930 1795 Gallorumque
967 1742 1107 1783 census
1151 1742 1199 1782 ad
1233 1742 1271 1782 se
1304 1743 1472 1793 adferri,
1505 1748 1546 1784 &

152 1804 390 1845 »ditissimos
428 1806 563 1845 necari
592 1822 613 1841 ³>
640 1804 743 1857 juint
768 1823 775 1845 :
807 1820 903 1846 mox
931 1806 980 1846 ad
1020 1804 1241 1846 collusores
1272 1805 1460 1846 exsultim
1485 1822 1549 1848 re-

194 1913 419 1944 ¹PRoBRosaM
442 1925 709 1945 nmo-rmrronrm
736 1915 750 1951 ]
782 1915 829 1945 De
910 1920 918 1941 5
952 1914 1116 1950 Savum]
1145 1913 1213 1943 Huc
1238 1922 1366 1956 quoque
1400 1913 1513 1951 Γροέίἃῒ
1536 1922 1547 1951 ,’

149 1960 212 1990 qua
223 1952 295 1982 vide
310 1953 519 1984 Suetonium
511 1964 543 1983 m
557 1955 656 1992 Caio,
684 1955 829 1984 XXXIX.
869 1954 956 1991 quod
990 1961 1145 1983 memorat
1177 1952 1378 1988 Suetonius,
1405 1953 1466 1983 loc.
1493 1953 1546 1984 cit.

149 1990 310 2028 Dionem,
329 1994 411 2023 LIX.
426 2003 493 2032 pag.
511 1996 583 2031 656.
869 1992 961 2022 Caius
988 2001 1153 2029 compererat
1178 1990 1373 2027 ιιοιιηιιαίειη
1388 1991 1546 2029 locupletem

192 2032 387 2062 —mems
414 2043 491 2066 QUO(
486 2034 570 2069 υε]
606 2032 767 2068 Perpcram
797 2032 829 2061 in
868 2031 987 2060 ducenta
1011 2035 1088 2068 HS,
1123 2031 1251 2061 Gallicae
1285 2040 1420 2061 monetae
1454 2032 1547 2063 libras

148 2069 242 2099 editis
256 2071 399 2102 Suetonii
414 2071 500 2101 libris
519 2070 626 2099 liberor.
650 2071 829 2100 Emendan-
871 2073 918 2107 38,
922 2074 1003 2107 906,
1018 2071 1164 2114 nurneraſje
1177 2069 1370 2106 mensoribus,
1396 2079 1425 2098 ur
1434 2071 1546 2108 persal-

149 2109 226 2138 dum
251 2108 360 2139 lzberns
397 2121 471 2148 conj
466 2110 612 2140 ‘ecstabam
645 2110 830 2147 :persuasit
868 2109 968 2138 lw'vn
989 2120 1110 2139 convzmo
1127 2109 1367 2146 intetmponererur
1380 2119 1430 2138 nec
1446 2110 1547 2140 tulerat

147 2148 278 2187 antiqua
303 2149 402 2180 editio
423 2159 517 2179 manu
542 2149 649 2179 lllustr.
674 2149 828 2179 Pellicerii
867 2148 969 2188 moleste
991 2158 1046 2178 mm
1066 2159 1165 2188 magno
1185 2148 1311 2187 <estimari
1330 2148 1454 2178 honorem
1471 2160 1547 2180 cene:

148 2187 187 2216 ad
209 2187 303 2218 fidem
329 2188 445 2220 veteris
460 2190 494 2220 ὃς
512 2188 625 2227 optimi
645 2187 763 2219 codicis
776 2199 828 2219 ca-
858 2189 929 2226 suae.
956 2188 1028 2217 Huic
1049 2188 1148 2227 pssiero
1174 2187 1217 2216 die
1231 2187 1340 2226 sedenti
1368 2187 1398 2216 in
1424 2189 1548 2219 auc‘t'ione

148 2225 264 2264 stigata.
866 2227 963 2267 Ῑηξβτ,
979 2228 1023 2265 qui
1042 2228 1129 2266 nescio
1146 2226 1319 2266 quidfiizoli
1342 2225 1467 2257 ducentis
1482 2229 1546 2257 11ἱί-

189 2270 201 2291 3
237 2267 344 2296 (ΞΑυδκ
374 2278 542 2298 CADERENT
564 2268 578 2304 ]
609 2269 739 2298 Sueten.
766 2267 826 2298 loc.
866 2266 956 2302 libus,
979 2267 1041 2305 (id
1061 2267 1128 2303 est,
1160 2265 1285 2295 ducentis
1310 2265 1471 2304 millihuss
1445 2268 1545 2306 s-ester

151 2302 206 2333 cit.
867 2306 932 2335 riom
955 2330 964 2343 ,
986 2314 1021 2336 nt
1035 2307 1097 2344 jam
1117 2305 1251 2335 diximus
1264 2305 1391 2336 Gallica.
1408 2302 1544 2337 monetae

189 2346 203 2365 ⁴
224 2344 435 2381 CLAMITANS]
451 2347 523 2378 Haec
539 2345 751 2379 Suetonius&
763 2345 826 2377 Dio
867 2345 954 2376 libris
973 2348 1022 2383 38,
1024 2350 1085 2382 906
1100 2348 1111 2383 )
1136 2344 1278 2374 traderer:
1291 2343 1441 2389 diceresque
1460 2355 1545 2375 tenth²

151 2381 214 2414 loc
228 2382 281 2416 cit.
865 2394 955 2417 turum
974 2384 1046 2424 apud
1059 2385 1194 2426 Caefizrem
1213 2393 1311 2416 vocatu
1326 2383 1417 2425 ipsius.

1571 280 1686 304 A.U..C

1594 336 1667 365 793-

1599 381 1658 404 J.C.

1603 435 1657 463 40.
