1952 2708
393 146 597 190 LIBRI
654 146 845 188 ΝΟΝΙ
894 144 1305 192 ANNALIUM.

1453 155 1542 203 387

156 229 266 271 vinci
291 226 481 277 facilem,
514 224 688 266 Claudio
717 225 1048 268 demonstravere.
1085 228 1145 268 Eo
1171 229 1359 273 libentius
1388 231 1539 283 auditi,

157 292 264 347 quod
288 291 481 346 triumphi
507 289 627 330 decus
651 302 842 342 quaereret
864 290 1052 347 Princeps
1069 320 1081 341 ,
1113 306 1189 331 nec
1217 296 1506 350 occupationes
1526 325 1540 346 ‚

157 369 239 408 quae
260 352 444 394 libidines
467 353 552 393 suas
576 350 836 403 Occulerent,
861 352 1105 394 aversaretur
1126 354 1348 397 lisleffalina.
1375 358 1540 414 Insuper

157 417 339 457 Britanni
361 415 412 458 ob
437 431 519 457 non
536 415 713 457 redditos
732 415 954 471 transfugas
975 415 1320 458 tumultuabantur
1348 425 1375 460 ¹.
1401 420 1547 475 Itaque
1597 442 1649 471 43·

107 485 129 524 5
158 478 277 532 juffus
306 481 359 520 est
389 479 517 520 Aulus
553 477 731 520 Plautius
757 483 770 500 ²
801 494 822 520 e
860 477 995 520 Gallia
1023 485 1033 508 ³
1065 482 1287 521 exercitum
1314 484 1354 522 in
1383 483 1543 524 Britan-

159 544 266 583 niam
292 543 586 592 transmittere,
621 542 714 583 dum
744 542 872 583 Caesar
908 541 1145 599 elephantos
1173 556 1383 598 ceteraque
1411 545 1544 588 bello-

158 620 246 645 rum
267 605 456 647 terricula
479 619 645 662 pararet.

217 669 293 709 LI.
327 670 399 710 AT
422 668 628 723 legiones,
652 667 787 708 secum
807 681 1034 724 reputantes
1058 668 1248 723 quantula
1273 669 1327 710 D.
1351 668 1480 714 Julius
1500 672 1543 713 in

158 730 363 772 Britannia
384 731 574 787 gestisset,
601 729 719 784 quam
744 731 826 772 dIra
847 733 1045 788 perpessus
1068 732 1162 774 effet
1182 734 1222 773 in
1243 734 1413 774 Oceano
1446 735 1543 774 Ger-

83 806 130 832 10
158 797 338 836 manicus
350 826 364 846 ,
387 795 589 836 exoticam
613 798 652 834 ὅς
680 792 783 834 ultra
803 807 993 835 terrarum
1020 797 1116 836 fines
1139 795 1323 837 militiam
1339 826 1352 846 ,
1383 796 1545 852 plenam

159 858 419 909 discriminis,
434 857 562 899 laudis
575 872 764 906 vacuam,
783 857 1103 913 aspernabantur.
1124 859 1300 901 Plautius
1316 890 1328 910 ,
1350 861 1410 900 vir
1433 859 1544 900 bello

158 923 370 976 egregius,
400 921 622 976 gnarusque
662 918 808 960 milites
846 920 983 962 frustra
1021 922 1068 962 ad
1101 922 1238 963 odiosa
1262 922 1443 978 impelli,
1475 937 1544 964 eos

160 985 384 1026 cunctando
413 985 461 1025 ad
485 985 594 1040 spem
620 997 877 1038 amoremque
910 986 1082 1025 vinstoriae
1114 985 1350 1027 adducebat.
1380 986 1508 1026 Caesar
1532 1015 1546 1036 ‚

155 1062 356 1089 morarum
387 1049 624 1102 impatiens,
653 1046 880 1087 Narcissum
908 1049 1032 1089 mittit
1054 1053 1071 1077 4
1096 1078 1109 1098 ,
1144 1050 1210 1102 qui
1245 1064 1327 1089 rem
1353 1049 1548 1105 deprope-

82 1122 128 1162 15
157 1124 230 1151 ret.
274 1111 312 1151 Is
335 1141 347 1161 ,
382 1111 590 1167 personam
623 1108 787 1163 juraque
813 1111 1009 1166 Principis
1039 1113 1079 1150 in
1105 1111 1211 1152 Urbe
1236 1113 1422 1168 usurpare
1454 1111 1548 1152 soli-

157 1186 219 1214 tus
236 1203 248 1224 ‚
279 1173 425 1214 Plautii
452 1171 627 1214 tribunal
659 1173 908 1214 conscendit.
936 1174 1091 1215 Milites
1109 1204 1121 1224 ,
1149 1173 1362 1230 superbum
1392 1190 1548 1230 genus,

157 1241 198 1278 &
216 1236 420 1293 opprobrii
440 1235 843 1291 indignantissimum,
860 1236 992 1278 liberti
1012 1237 1219 1279 audaciam
1241 1238 1548 1279 exhorrescunt:

164 1316 186 1336 «
213 1300 259 1340 Io
285 1299 512 1341 Saturnalia
541 1304 552 1330 5
581 1317 603 1336 n
637 1297 900 1340 occlamitant
927 1314 938 1347 3
968 1304 1007 1341 ὃς
1038 1301 1292 1356 personatum
1319 1302 1549 1356 Principem

155 1362 375 1413 ludificati,
407 1380 428 1400 ι(
453 1361 654 1403 Plautium
676 1361 821 1403 ducem
845 1363 957 1403 suum
980 1363 1055 1404 effe
1080 1381 1088 1404 ε
1113 1366 1192 1418 quo
1218 1362 1367 1416 jusserit
1380 1394 1394 1415 ,
1421 1365 1548 1406 statim

74 1435 132 1467 '20
158 1428 315 1468 »ituros
342 1443 364 1463 »
389 1425 625 1480 gloriantur.

218 1490 320 1530 LII.
355 1490 638 1538 PLAUTms,
669 1503 718 1529 ne
752 1489 1007 1543 indignatio,
1038 1490 1087 1531 ad
1112 1505 1170 1531 res
1191 1491 1388 1544 quasque,
1415 1495 1454 1531 ὃ(
1483 1492 1547 1532 in-

159 1553 295 1609 primis
323 1551 515 1594 militares
542 1550 798 1602 validissima,
825 1551 1154 1608 elanguesceret,
1188 1554 1395 1595 confestim
1426 1570 1548 1595 naves

160 1615 423 1663 conscendit;
454 1615 666 1671 copiasque
692 1616 733 1654 in
759 1628 836 1656 tres
859 1630 986 1671 partes
1013 1617 1189 1658 distraxit
1210 1616 1254 1667 ⁶,
1277 1631 1321 1658 ut
1346 1617 1422 1658 suis
1449 1617 1550 1658 faci-

159 1677 239 1719 lior
262 1708 274 1729 ,
311 1678 486 1719 hostibus
518 1676 815 1720 formidolosior
847 1679 951 1720 foret
980 1679 1179 1736 adpulsus.
1207 1680 1396 1721 Reflante
1423 1695 1548 1722 vento

159 1740 390 1795 aliquandiu
405 1743 588 1783 retroat‘ii
609 1759 616 1782 :
641 1742 814 1782 restitere
831 1754 964 1782 tamen
978 1772 990 1792 ‚
1011 1756 1097 1783 tum
1114 1743 1350 1798 paenitentiae
1365 1743 1517 1799 pudore
1534 1773 1548 1794 ,

202 1844 210 1858 ¹
247 1839 555 1872 ΤυΜυιτυΑεΑΝτυλ
582 1844 594 1874 ]
635 1840 763 1870 Sueton.
803 1839 835 1869 in

161 1878 272 1910 Claud.
292 1880 390 1910 XVII.

200 1924 211 1936 ²
236 1919 339 1948 Actus
361 1920 514 1949 ΡιΑυτιυε
533 1921 547 1956 ]
571 1919 634 1948 Dio
648 1942 656 1952 ,
678 1918 757 1948 ibid.
778 1918 835 1949 Vi-

160 1957 198 2002 de
225 1957 259 1988 δί
286 1957 430 1989 Tacitum
452 1982 462 1995 ‚
494 1958 557 1989 Vir.
582 1958 684 1998 Agric.
709 1959 781 1987 XIII
803 1960 836 1988 &

200 2041 210 2061 3
236 2037 259 2065 E
280 2037 405 2067 Gutta
420 2038 434 2074 ]
450 2037 473 2066 Ε
487 2036 591 2067 Gallia.
602 2036 743 2076 Belgica,
759 2036 837 2067 Rhe—

159 2074 310 2114 nanisque
331 2076 520 2115 legionibus.

198 2119 213 2138 4
235 2116 425 2146 Naizcrssuu
448 2117 584 2152 Miri-ir]
602 2115 754 2146 Narcissus
767 2126 839 2154 prae-

161 2161 273 2192 potens
303 2155 429 2185 Claudii
459 2155 608 2190 libertus,
642 2156 727 2191 cujus
754 2165 837 2186 mors

162 2202 334 2224 memorata
355 2195 395 2224 est
414 2194 500 2233 supra
520 2194 633 2223 Annal.
654 2196 748 2231 XIII,
774 2205 799 2224 1.

205 2237 213 2258 ⁵
236 2235 272 2263 Io
295 2235 496 2264 Sarunmrm
522 2235 534 2270 ]
565 2234 634 2263 Mos
662 2234 747 2264 enim
775 2241 839 2264 erat

165 2272 398 2309 Saturnalibus,
427 2282 462 2304 ut
491 2273 522 2302 id
549 2272 657 2302 festum
680 2297 688 2308 ‚
721 2273 839 2312 sumpta

164 2309 365 2352 dominorum
382 2312 511 2351 persona
523 2333 531 2346 ,
546 2312 623 2342 servi
636 2313 838 2344 celebrarent.

163 2347 248 2381 Dio,
270 2350 337 2379 LX.
361 2362 427 2391 pag.
449 2356 521 2390 677.

203 2388 217 2406 ⁶
238 2389 272 2418 In
291 2400 368 2422 rus
390 2401 513 2423 PARTEs
536 2393 724 2430 DISTRAXIT]
759 2391 840 2430 Dio,

876 1841 938 1871 loc.
950 1840 1003 1870 cit.
1020 1839 1162 1871 Eruditus
1173 1849 1276 1871 autem
1287 1840 1454 1870 Bucherius
1465 1864 1472 1877 ‚
1487 1840 1551 1870 Bel-

872 1881 948 1919 gium
964 1879 1113 1908 antuxsum
1127 1904 1135 1916 ,
1153 1881 1193 1911 IV
1204 1904 1212 1916 ,
1241 1891 1284 1909 11.
1300 1890 1383 1910 num.
1403 1891 1429 1919 5.
1447 1880 1549 1910 existi-

875 1928 938 1949 mat
952 1921 1127 1949 Romanum
1144 1919 1313 1949 exercitum
1330 1919 1360 1949 in
1377 1927 1436 1949 tres
1451 1928 1549 1958 partes

876 1959 919 1989 ita
932 1958 1064 1989 divisum
1081 1959 1166 1988 fuiffe
1189 1959 1227 1988 ab
1242 1959 1322 1988 Aulo
1341 1958 1460 1989 Plautio
1480 1982 1488 1994 ‚
1516 1967 1550 1990 ut

877 1998 1004 2036 primam
1022 2007 1140 2036 partem
1155 2008 1171 2028 e
1186 1997 1309 2028 Batavis
1325 2021 1333 2034 ‚
1354 1997 1518 2028 secundam
1532 2009 1549 2028 c

875 2037 1027 2075 Menapiis
1040 2039 1124 2075 juxta
1138 2038 1268 2076 Brugas,
1283 2037 1389 2076 Bruges
1400 2061 1408 2073 ,
1426 2038 1550 2067 tertiam

877 2087 892 2106 e
908 2077 1040 2107 Morinis
1053 2076 1184 2108 &Iccio
1204 2076 1329 2106 Caesaris
1343 2085 1435 2114 portu
1446 2100 1454 2113 ,
1467 2087 1551 2107 nunc

877 2115 1033 2154 Bozalogne,
1055 2115 1262 2146 Occidentem
1276 2115 1355 2145 inter
1369 2125 1404 2145 ac
1420 2117 1552 2146 Boream

877 2156 997 2185 solvere
1010 2155 1133 2192 juffcrit.
1153 2157 1196 2185 lta
1207 2165 1223 2184 a
1241 2163 1338 2185 vento
1353 2154 1551 2185 Occidentali

878 2194 1012 2224 maxime
1044 2195 1077 2224 in
1101 2193 1265 2224 Orientem
1290 2194 1452 2231 retroacti,
1475 2194 1550 2224 facis

878 2234 993 2265 rursum
1008 2235 1045 2264 ab
1061 2233 1192 2264 Oriente
1213 2233 1245 2263 in
1263 2233 1470 2264 Occidentem
1494 2233 1552 2263 dis-

879 2273 1028 2303 currentis
1060 2272 1144 2312 signo
1174 2272 1305 2303 recreati
1330 2273 1397 2303 sunt
1421 2285 1428 2303 :
1454 2273 1526 2302 inde
1540 2294 1550 2307 ‚

880 2313 982 2350 priore
999 2313 1084 2343 cursu
1104 2312 1237 2349 repetito
1250 2335 1259 2349 ‚
1280 2311 1432 2343 Britannis
1459 2313 1517 2349 jam
1534 2321 1551 2341 a

881 2352 1008 2382 litorum
1038 2352 1174 2383 custodia
1197 2352 1329 2391 digressis
1344 2375 1354 2390 ,
1384 2352 1417 2383 in
1434 2351 1552 2382 Britan<

881 2391 965 2423 niam
984 2392 1052 2423 sunt
1063 2391 1193 2423 adveni.

1213 2453 1311 2494 Ccc
1341 2450 1367 2503 ij

1563 247 1678 263 ,τὲ-ππ

1564 288 1593 312 A.
1606 289 1636 311 U.
1648 289 1676 311 C.

1585 332 1656 369 796.

1590 390 1612 413 J.
1623 389 1652 413 C.
