1952 2708
535 102 582 143 C.
649 97 1056 142 CORNELII
1119 99 1406 142 TACITI

278 180 484 242 »populos
517 179 637 222 nullis
675 179 761 223 aliis
800 179 965 223 aliarum
1000 180 1210 222 nationum
1249 181 1434 224 conubiis
1464 181 1633 226 infectos
1655 212 1673 236 ,

279 265 302 286 »
313 248 538 304 propriam,
568 249 608 285 ὅς
632 245 822 286 sinceram
839 275 851 296 ‚
878 249 918 286 ὅ(
942 248 1096 286 tantum
1123 245 1181 285 sui
1207 244 1374 286 ssmilem
1396 261 1560 302 gentem
1584 248 1671 289 exs-

280 328 302 349 »
314 309 431 350 titisse
452 326 472 346 ³>
494 307 746 351 arbitrantur.
766 309 884 350 Unde
904 308 1061 350 habitus
1086 323 1245 363 quoque
1269 324 1506 366 corporum,
1531 326 1672 365 quarn-

281 388 400 428 quam
419 373 461 412 in
483 385 597 414 tanto
619 374 832 415 hominum
852 388 1046 423 numero,
1067 372 1173 413 idem
1201 372 1386 414 omnibus
1406 379 1416 396 ¹
1438 391 1447 414 ε
1474 388 1607 416 truces
1631 379 1674 416 ὃ(

289 117 339 145 10

283 434 442 478 caerulei
467 435 604 487 oculi,
626 436 751 479 rutilae
776 452 899 479 comae
911 441 941 488 ²,
958 451 1103 492 magna
1127 451 1296 492 corpora
1313 441 1322 464 ³
1341 466 1354 487 ,
1383 441 1424 478 &
1447 442 1602 478 tantum
1624 437 1674 480 ad
1700 446 1726 489 ς

282 501 480 556 impetum
503 499 656 542 valida:
683 500 831 542 laboris
855 515 972 556 atque
999 514 1167 556 operum
1192 515 1276 541 non
1303 500 1442 541 eadem
1464 503 1673 557 patientia:

283 564 531 619 minimeque
560 565 663 605 sitim
701 566 912 619 aesturnque
942 563 1144 616 tolerare,
1172 564 1321 619 frigora
1353 578 1471 620 atque
1498 565 1675 606 inediam

285 625 385 668 caelo
410 626 550 669 solove
577 629 856 670 adsueverunt.

346 692 399 732 V.
433 691 632 743 Tarum,
667 692 735 733 etsi
764 691 968 747 aliquanto
997 691 1130 748 specie
1165 691 1328 742 differt,
1369 693 1411 732 in
1443 692 1675 734 universum

282 766 418 795 tamen
440 768 508 796 aut
532 754 636 797 filvis
660 756 822 797 horrida
837 786 849 807 ,
872 769 939 797 aut
958 753 1168 812 paludibus
1191 755 1321 796 foeda:
1346 756 1575 807 humidior,
1598 754 1676 810 qua

284 817 466 869 Gallias,
509 820 738 871 ventosior,
770 819 846 874 quiz
872 820 1075 861 Noricum
1102 833 1149 859 ac
1177 819 1426 860 Pannoniam
1446 824 1465 848 4
1493 819 1636 876 aspicit
1666 836 1675 860 2

282 881 374 922 satis
399 882 508 923 ferax
524 912 536 933 ‚
564 883 845 939 frugiferarum
869 882 1055 924 arborum
1079 884 1291 938 impatiens
1310 887 1323 914 5
1349 912 1363 934 ,
1392 897 1587 939 pecorum
1613 883 1675 924 fe-

284 945 416 986 cunda
432 975 444 995 ‚
471 946 538 986 sed
559 945 794 1003 plerumque
814 949 1039 1003 improcera
1060 945 1076 967 ⁶
1093 962 1101 986 z
1125 961 1174 986 ne
1195 948 1384 987 armentis
1403 947 1566 1000 quidem
1583 946 1676 987 suus

282 1009 443 1059 honor,
473 1022 540 1050 aut
565 1009 693 1064 gloria
718 1011 885 1052 frontis:
913 1025 1081 1050 numero
1108 1010 1305 1064 gaudent:
1340 1024 1472 1063 eaeque
1507 1009 1598 1050 solae
1633 1013 1676 1050 ὃ(

283 1071 502 1126 gratiffimae
522 1088 618 1129 opes
641 1074 743 1114 sunt.
768 1075 994 1128 Argentum
1021 1077 1061 1113 &
1087 1088 1225 1113 aurum
1247 1074 1414 1129 propitii
1435 1088 1486 1114 an
1507 1073 1598 1115 irati
1620 1073 1676 1114 dii

1001 1210 1034 1240 id
1053 1210 1093 1240 est
1113 1233 1123 1247 ‚
1150 1211 1206 1242 alti
1225 1211 1318 1250 pedes
1341 1211 1393 1242 sex
1418 1211 1453 1243 ὃς
1480 1211 1586 1244 uncias
1610 1213 1679 1245 fere

326 1215 334 1230 ¹
358 1211 442 1241 IDEM
464 1222 601 1243 oumssus
623 1213 637 1250 ]
667 1212 782 1244 Pariter
803 1213 961 1244 Juvenalis

285 1250 383 1289 Satyr.
396 1252 486 1287 XIII,
511 1256 576 1290 164.

319 1299 416 1323 Caerula
427 1300 476 1332 quis
483 1299 568 1332 stupuit
579 1301 693 1325 Germani
704 1303 793 1327 lumina
802 1302 910 1333 ?flavam

320 1333 447 1363 Caesariem
457 1352 464 1361 ,
485 1334 509 1357 δ’
520 1335 613 1359 madido
626 1342 767 1367 torquenrem
785 1345 869 1361 cornua
880 1337 942 1360 cirro
953 1335 963 1359 ,ἓ

320 1366 411 1398 Nempe
423 1367 480 1400 quod
488 1368 535 1392 haec
545 1368 594 1392 illis
605 1377 689 1393 natura
701 1370 730 1401 eft
742 1370 845 1395 omnibus
858 1379 910 1394 una.

288 1439 297 1445 ·
322 1406 340 1447 ᾗ
364 1404 492 1434 Rumffi
523 1407 642 1443 cor-iffi]
673 1407 749 1437 Inde
771 1409 887 1438 Seneca
896 1431 904 1444 ‚
925 1407 962 1437 de

288 1451 349 1476 rra,
370 1443 411 1472 111
423 1466 431 1477 ,
452 1447 501 1474 26.
519 1444 633 1483 Iniquus
645 1455 733 1475 aurem
751 1446 785 1485 est
795 1470 804 1483 ‚
828 1447 871 1484 qui
889 1457 962 1475 com-

287 1489 367 1509 mune
383 1483 605 1523 viriumsingulis
615 1484 721 1523 objecit.
733 1486 799 1515 Non
811 1485 963 1525 estAEtlzio-

1002 1249 1141 1290 quinque
1160 1273 1168 1286 ,
1185 1250 1235 1289 fix
1254 1250 1333 1288 pierii·
1352 1253 1416 1287 pres
1435 1251 1466 1280 ds
1490 1252 1551 1290 cinq
1565 1263 1677 1289 pouces.

1001 1290 1235 1325 SidoniusNIII
1246 1313 1254 1326 ‚
1267 1290 1357 1329 Epist.
1366 1301 1402 1327 9,
1411 1300 1564 1321 memorat
1575 1291 1677 1322 adhuc

1001 1329 1239 1368 Burgundiones
1255 1329 1436 1369 septipedes.
1451 1330 1501 1360 Ob
1511 1329 1590 1361 hanc
1600 1333 1678 1362 Ger-

1000 1379 1167 1400 manorum
1192 1370 1411 1408 proceritatem
1424 1393 1432 1407 ,
1456 1372 1553 1400 Varro
1571 1371 1584 1400 1
1603 1370 1677 1400 Heb-

1002 1407 1144 1437 Aomdum
1165 1408 1272 1439 dixisse
1288 1409 1413 1439 videtur
1432 1409 1584 1439 summum
1601 1410 1677 1441 ado-

1003 1448 1138 1479 lescendi
1149 1448 1277 1479 humani
1295 1448 1435 1487 corporis
1444 1448 1561 1487 septem
1573 1450 1677 1487 pedes.

1003 1487 1104 1516 Cunc‘ffo
1123 1487 1277 1516 mortalium
1298 1488 1395 1528 generi
1419 1488 1547 1517 minorem
1568 1489 1595 1517 in
1618 1488 1677 1518 dies

285 1520 332 1555 pis
352 1521 424 1550 inter
433 1523 499 1560 flios
517 1524 663 1568 anzgslitus
691 1527 762 1554 color
784 1538 793 1553 :
815 1535 865 1554 nec
888 1524 964 1562 rusus
994 1526 1247 1566 fierimensuram
1259 1528 1403 1559 observat
1415 1527 1529 1558 Plinius
1542 1529 1616 1565 VII,
1629 1531 1678 1559 16.

288 1559 394 1598 crinis,
415 1561 444 1590 [7⁴
461 1563 567 1591 coafflus
584 1574 612 1592 m
636 1563 733 1592 nodum
753 1564 825 1601 apud
844 1564 963 1594 Germa-

289 1609 339 1627 nos
351 1612 360 1628 :
374 1610 512 1639 utrumque
535 1602 619 1633 decet.
635 1603 790 1635 Rutilatos
817 1613 880 1635 arte
902 1605 964 1635 cri-

287 1648 342 1668 nes
375 1640 552 1672 videbimus
578 1642 658 1673 infra
685 1642 719 1673 in
739 1644 962 1683 Supplemento

286 1679 401 1709 Annal.
417 1681 509 1718 VIII,
533 1683 581 1719 38.

329 1723 339 1744 3
363 1719 480 1750 MAGNA
501 1726 674 1756 coRPoRA]
695 1722 745 1753 Sic
758 1723 964 1760 Annal.1‚64

290 1757 519 1789 Germanorum
540 1771 653 1796 procera
669 1761 810 1796 membr-Q
835 1764 868 1793 ὃς
889 1762 962 1792 Hist.

289 1797 335 1833 V,
352 1800 406 1833 18,
425 1799 550 1838 immenfiz
575 1810 696 1837 corpora.
726 1801 857 1832 Videtur
881 1802 962 1832 Ger·

288 1845 453 1879 manorum
466 1839 615 1878 plurimos
628 1848 702 1871 tunc
721 1840 828 1871 saltem
845 1841 895 1871 sex
909 1852 962 1879 pe-

289 1875 378 1906 dibus
393 1878 471 1909 altos
494 1878 590 1909 fuisse.
606 1879 649 1909 Ea
664 1880 850 1918 proceritate
862 1880 962 1912 adhuc

288 1915 437 1960 valebant
449 1927 537 1949 aetate
549 1919 671 1949 Sidonii
700 1920 899 1958 Apollinaris.
912 1922 963 1950 In-

289 1953 328 1984 de
340 1978 349 1991 ,
368 1966 449 1987 mter
465 1957 597 1989 vkstores
623 1959 797 1990 Germanos
821 1959 935 1998 pofitus
952 1984 960 1996 ‚

291 1995 432 2039 excusat,
443 1998 526 2036 quod
537 1997 693 2036 senipedes
705 1999 806 2029 versus
818 2010 884 2030 non
892 1999 960 2030 scri-

289 2032 352 2064 bat.
378 2036 464 2065 ber.
479 2039 545 2066 Xll.
556 2047 646 2067 carm.
661 2049 707 2067 12.
722 2039 798 2069 vers.
815 2048 860 2069 ιο.

337 2080 433 2112 Spernit
442 2083 575 2114 ftuipedem
589 2084 673 2116 stylum
691 2083 792 2114 Thalia,

337 2114 376 2138 Ex
388 2117 562 2149 quoftpripedes
576 2119 640 2142 videt
654 2126 774 2150 patronos.

287 2149 383 2194 Forte
403 2154 437 2183 ὃς
456 2153 518 2191 ipse
537 2154 654 2193 semipes
672 2177 681 2190 ,
702 2155 733 2185 id
746 2156 785 2186 est
799 2179 807 2193 ‚
822 2157 960 2197 quinque

288 2191 420 2234 pedspus
444 2215 453 2227 ‚
480 2194 513 2223 ὅ(
542 2193 591 2223 sex
617 2193 738 2225 circiter
764 2196 863 2226 unciis
885 2221 894 2234 ‚
927 2206 959 2227 ut

290 2229 411 2261 Gallice
434 2231 615 2271 loquimur,
635 2232 667 2262 de
689 2235 749 2273 cinq
766 2234 916 2272 piedspres
928 2235 960 2265 cie

278 2267 330 2307 fix
353 2279 460 2305 pouces.
490 2273 542 2302 Pes
566 2273 648 2302 enim
676 2275 833 2305 Romanus
859 2284 960 2314 aequat

286 2306 499 2355 fermeredis
527 2312 641 2342 Gallici
671 2314 776 2344 uncias
800 2315 958 2346 undecim.

287 2347 408 2380 Contra
424 2352 498 2383 vero
510 2351 658 2384 Germani
670 2353 839 2393 septipedes
854 2363 957 2396 erant,

1042 1571 1057 1590 4
1077 1568 1236 1597 Nonlcum
1259 1579 1297 1598 Ac
1315 1569 1529 1605 Pausomm]
1551 1566 1596 1596 La
1616 1567 1678 1599 Bas

1002 1606 1091 1642 viere,
1109 1605 1273 1637 l'Aurriche.

1045 1651 1053 1672 5
1078 1647 1274 1683 Imma-irus]
1304 1647 1396 1676 Tunc
1424 1646 1508 1676 enim
1533 1645 1676 1683 acriora,

1003 1685 1212 1725 longioraque
1238 1694 1325 1716 erant
1350 1684 1465 1724 frigora
1479 1709 1488 1722 ‚
1508 1687 1579 1714 curn
1597 1693 1678 1716 terra

1003 1724 1084 1755 silvis
1097 1725 1246 1756 horreret.
1263 1725 1313 1755 Sic
1323 1726 1405 1764 apud
1421 1724 1614 1754 Canadenses
1624 1735 1678 1763 po⁶

1004 1765 1093 1803 pulos
1108 1785 1117 1799 ‚
1143 1764 1177 1794 in
1195 1763 1338 1795 Americei
1353 1788 1362 1802 ‚
1385 1764 1494 1795 caelum
1514 1763 1677 1803 solumque

1004 1803 1165 1834 mitescere
1177 1812 1337 1843 coeperunt
1352 1826 1361 1839 ‚
1383 1806 1455 1834 cum
1471 1803 1619 1833 immensa
1633 1803 1680 1833 fil-

1004 1853 1112 1873 varum
1131 1843 1223 1883 spatia
1251 1843 1375 1874 incensa
1392 1843 1471 1873 sunt.
1487 1843 1577 1872 Adde
1597 1843 1680 1873 Ger-

1003 1893 1113 1913 manos
1125 1894 1164 1913 ne
1176 1883 1337 1922 frugiferas
1349 1882 1477 1922 quidem
1491 1883 1616 1912 arbores
1626 1893 1678 1913 co-

1003 1922 1090 1953 luiffe
1101 1946 1110 1959 ‚
1125 1922 1263 1962 solasque
1276 1923 1389 1962 segetes
1402 1930 1488 1953 terrae
1500 1921 1679 1961 imperasse,

1003 1971 1036 1992 ut
1050 1962 1169 1993 dicetur
1181 1961 1261 1992 infra
1272 1973 1337 2001 cap.
1346 1966 1397 1992 26.

1042 2002 1055 2020 ⁶
1078 2003 1272 2037 PLERUMQUB
1298 2003 1518 2038 innocens]
1552 2001 1587 2031 Id
1613 2001 1678 2039 J'am

1003 2040 1200 2072 observatum
1218 2041 1304 2080 supra
1329 2042 1442 2072 Annal.
1470 2043 1534 2075 IV,
1560 2051 1611 2079 72.
1635 2042 1677 2071 At

1003 2091 1056 2110 cur
1081 2091 1191 2120 magna
1213 2080 1379 2111 hominum
1402 2089 1534 2118 corpora
1550 2103 1559 2115 ‚
1586 2089 1680 2117 peco-

1002 2130 1070 2150 rum
1086 2120 1269 2159 improcera.
1293 2119 1404 2155 Causa,
1417 2119 1450 2159 ni
1463 2118 1573 2154 fallor,
1590 2118 1677 2158 quod

1001 2158 1145 2190 homines
1159 2159 1270 2190 validis
1283 2158 1439 2189 exercitiis
1448 2181 1457 2193 ,
1471 2158 1538 2188 vitai
1550 2157 1678 2188 liberri-

1000 2198 1069 2234 ma,
1088 2200 1122 2230 ὅ(
1140 2199 1286 2229 omnibus
1305 2197 1384 2228 curis
1406 2197 1503 2228 vacua
1515 2221 1524 2234 ,
1542 2197 1676 2236 copiofis

1001 2238 1227 2277 pinguibusque
1250 2237 1327 2268 cibis
1340 2261 1349 2273 ‚
1364 2238 1449 2277 largo
1463 2244 1540 2276 potu
1559 2236 1593 2266 in
1611 2247 1675 2266 ma-

1000 2277 1197 2316 gnitudinem
1225 2277 1445 2308 excrescerent.
1474 2277 1595 2307 Contra
1620 2286 1674 2313 pe-

1000 2327 1073 2347 cora
1092 2316 1205 2355 pluviis
1218 2340 1227 2353 ,
1249 2316 1365 2356 frigore
1381 2341 1390 2352 ‚
1410 2316 1481 2355 gelu
1503 2315 1556 2345 diu
1574 2315 1673 2359 rigida

998 2356 1235 2395 minuerentur,
1267 2355 1330 2388 fine
1351 2355 1387 2388 ea
1409 2354 1521 2388 frontis
1540 2354 1640 2395 giomi
1661 2376 1672 2392 ,

1710 769 1762 798 10
