1952 2708
106 495 130 535 5

82 815 130 841 10

79 1125 125 1164 15

71 1446 126 1472 20

367 154 567 196 LIBRI
612 154 876 196 DECIMI
916 155 1334 197 ANNALIUM.
1449 170 1533 206 4¹1

223 234 396 276 XXVI.
444 236 689 275 VALERIUS
736 234 931 275 Asiaticus
970 235 1016 274 II
1040 264 1054 284 ‚
1099 237 1161 275 M.
1195 237 1338 279 Junius
1379 234 1536 276 Silanus

159 296 410 339 consulatum
445 301 456 317 ¹
495 297 619 337 iniere
638 326 651 347 ,
688 297 882 351 dignitate
911 311 1046 352 pares,
1073 296 1198 351 grati&
1228 303 1268 338 ἃ
1288 297 1429 354 opibus
1461 299 1498 339 di

158 373 283 416 pares.
306 357 464 400 Silanus
496 360 593 400 stato
615 372 796 416 tempore
827 364 841 381 ²
874 361 1141 414 magistratum
1171 361 1316 415 posuit.
1341 362 1536 402 Asiaticus

159 424 285 472 vero,
311 421 409 462 licet
441 424 482 462 in
517 436 649 464 totum
680 439 828 464 annum
863 423 1085 477 designatus
1107 452 1119 473 ,
1148 423 1187 463 se
1212 423 1413 464 abdicavit
1435 428 1461 462 ³.
1490 424 1538 464 Id

159 485 320 538 quidem
347 487 600 541 praestiterant
627 490 667 527 δε
694 480 788 527 alii:
812 500 850 527 at
877 488 919 526 hi
952 485 1122 526 modicis
1156 485 1324 526 fortunis
1341 516 1353 537 ,
1378 491 1418 527 &
1446 487 1539 526 Cir-

158 548 330 589 censium
353 548 540 590 ludorum
572 549 812 605 sumptibus,
839 551 906 603 qui
930 549 1192 589 immoderate
1218 554 1508 590 excreverant4
1523 578 1538 600 ,

158 612 340 667 impares.
362 610 438 652 Ille
465 625 616 653 motam
632 614 826 668 Principis
842 611 968 666 gratia
994 642 1006 662 ,
1041 610 1166 652 altero
1197 610 1436 662 consulatu,
1464 614 1538 651 im-

158 674 298 714 menfis
335 674 483 716 divitiis
515 676 707 717 invidiam
747 675 988 716 verebatur:
1025 674 1128 715 male
1154 673 1361 715 consultus
1385 703 1398 723 ,
1429 676 1495 727 qui
1522 704 1538 724 ‚

157 735 226 776 ubi
248 736 399 778 summa
427 739 580 793 gratia,
611 754 762 794 magnae
784 753 879 794 opes
909 768 921 789 ,
951 738 1142 794 adrepens
1169 737 1346 787 invidia,
1375 737 1537 791 suspec-

157 813 237 840 tam
267 804 306 840 ὅς
335 802 504 842 intutam
522 802 597 842 effe
617 803 847 843 modestiam
863 832 875 851 ‚
903 802 1071 842 decoros
1096 804 1193 841 vero
1222 805 1262 840 &
1278 813 1386 840 tutos
1413 801 1539 839 hono-

155 877 215 903 res
236 865 431 905 maximos
447 895 459 915 ,
487 865 608 906 niodo
630 881 711 906 non
726 866 966 906 immodicos
984 894 996 914 ,
1021 864 1127 905 haud
1147 862 1406 917 intelligeret.

218 926 422 968 XXVII.
463 929 783 979 MESSALINA‚
823 928 874 969 ob
909 927 1024 968 luxus
1062 928 1338 976 monimenta,
1366 940 1448 979 quae
1476 925 1538 965 in-

155 988 317 1030 videbat
339 1019 353 1038 ,
392 991 569 1032 Asiatico
607 992 794 1032 infensa5
823 1021 837 1041 ‚
880 991 975 1044 quid
1005 990 1188 1030 adversus
1231 1003 1321 1029 eum
1345 987 1496 1028 valeret
1522 1016 1537 1037 ,

154 1051 218 1092 M.
243 1053 395 1093 Vinicii
420 1052 532 1094 ruina
557 1053 573 1076 ⁶
596 1056 857 1110 praetentavit.
901 1054 968 1093 Bis
996 1051 1165 1102 consul,
1197 1066 1306 1108 patre
1336 1049 1537 1092 consulari

156 1127 290 1165 ortus,
316 1115 512 1157 Caesarum
540 1117 742 1158 adfinitate
772 1123 785 1144 ⁷
816 1116 1009 1166 inlustris,
1027 1117 1213 1156 Vinicius
1241 1115 1309 1170 ipsi
1324 1117 1437 1155 tanto
1452 1125 1538 1154 erat:

156 1177 369 1233 suspeetior
386 1209 398 1229 ‚
428 1180 535 1233 quod
552 1180 598 1221 ab
614 1196 658 1221 ea
672 1180 802 1230 laesus,
827 1177 1031 1220 interfeeffi
1048 1193 1173 1219 uxore
1199 1176 1283 1229 ejus
1308 1175 1427 1221 Julifi.
1443 1177 1537 1216 Me·-

154 1253 240 1283 tuin
261 1241 515 1296 furoremque
540 1243 743 1284 addiderat
766 1244 959 1299 pudicitia
989 1242 1179 1282 incassum
1209 1254 1361 1281 tentata
1377 1237 1405 1280 ⁸.
1429 1238 1538 1280 Obs-

156 1318 296 1343 curum
318 1318 451 1346 tamen
471 1304 598 1346 scelus
628 1307 822 1360 quaesivit3
846 1307 1054 1359 virumque
1076 1304 1246 1344 invisum
1268 1301 1379 1342 simul
1407 1306 1445 1342 ὃς
1475 1302 1538 1342 di-

152 1364 297 1405 lee'ium
314 1396 327 1417 ,
357 1367 665 1422 melioribusque
681 1368 928 1424 temporibus
950 1368 1115 1422 dignum
1131 1396 1143 1416 ,
1181 1381 1340 1406 veneno
1371 1363 1536 1404 sustulit.

153 1429 308 1470 Funere
324 1429 489 1485 publico
515 1435 555 1472 ὅ(
580 1431 809 1472 laudatione
834 1430 1011 1472 celebres
1038 1430 1148 1470 fuere
1169 1429 1361 1482 exsequi-x
1383 1443 1393 1474 3
1426 1426 1536 1481 quod

152 1490 288 1532 multis
318 1493 455 1533 datum
480 1494 525 1534 e&
555 1508 665 1535 :etate
686 1500 731 1545 9,
772 1510 854 1548 quae
887 1495 1142 1534 humanitatis
1170 1507 1308 1547 expers
1340 1489 1423 1542 ejus
1455 1490 1536 1545 spe-

154 1555 259 1595 ciem
277 1555 516 1596 ambitiosius
542 1557 774 1598 ostentabat.

217 1617 447 1659 XXVIII.
486 1620 597 1659 TUM
625 1621 781 1661 Asinius
801 1619 965 1670 Gallus>
989 1618 1103 1660 claris
1132 1617 1327 1659 natalibus
1347 1621 1380 1638 ¹0
1397 1646 1409 1666 ,
1431 1615 1535 1655 facie

154 1725 312 1755 Scribebat
322 1726 482 1756 Lucretius
500 1735 664 1767 antequam
681 1728 825 1767 elephan-
906 1733 913 1753 5
940 1729 1091 1758 ΑΞιΛτιςο
1114 1726 1260 1761 iureis-sni]
1287 1724 1430 1766 inhiabat
1450 1722 1535 1765 enini

153 1763 233 1794 tiasis
253 1765 286 1795 ὃς
304 1774 461 1805 meiitagra
476 1767 581 1797 Rornae
594 1768 716 1798 fuissent
727 1778 823 1798 exor-
838 1731 847 1802 i
864 1766 979 1800 hortis,
1000 1777 1078 1806 quos
1096 1765 1234 1796 Valerius
1262 1763 1407 1793 Asiaticus
1424 1761 1536 1799 infigni

152 1811 200 1833 ²³³-
865 1805 1093 1844 magnificentia
1124 1804 1298 1834 exroiiebat
1317 1813 1325 1839 ·‚
1348 1810 1382 1832 ut
1402 1801 1536 1830 vidimus

196 1847 203 1860 ¹
229 1843 473 1881 CONSULATUM]
489 1845 626 1876 Valerius
640 1845 785 1876 Asiaticus
797 1848 822 1876 ll
866 1846 949 1883 supra
963 1845 1072 1874 Annai.
1091 1845 1130 1872 ΧΙ
1144 1867 1152 1878 ,
1180 1854 1203 1870 1.
1287 1879 1291 1884 Ι

154 1880 242 1911 &M
257 1881 488 1925 JuniusSilanus
508 1885 647 1915 consules
669 1885 754 1916 fuere
765 1897 823 1916 an-
904 1886 915 1902 ⁶
939 1887 1057 1915 vimen
1090 1893 1187 1912 numi-i
1208 1883 1220 1919 ]
1253 1881 1316 1910 Dio
1333 1903 1342 1916 ‚
1365 1880 1439 1916 LX,
1466 1887 1536 1917 pag-

154 1930 197 1963 no
215 1921 303 1950 Urbis
318 1922 451 1953 conditae
464 1935 605 1955 Dccxcut
619 1949 628 1962 ‚
650 1925 718 1955 Jesu
731 1925 823 1955 Chri-
865 1927 935 1961 683.

154 1959 188 1988 sti
212 1965 260 1997 46.
903 1969 915 1988 7
939 1964 1101 1992 Csrsmwm
1134 1969 1322 1990 Anriuimre
1347 1959 1359 1994 ]
1382 1957 1536 1999 ‘Uxorem

196 2001 206 2013 ²
229 2001 331 2030 STATO
353 2011 500 2031 TEMPORE
521 2003 534 2040 ]
561 2001 664 2041 Vulgo
687 2002 753 2041 post
773 2003 823 2033 sex
865 2002 992 2031 duxerat
1016 2000 1128 2030 juliam
1154 2023 1162 2034 ‚
1210 1997 1390 2028 Germanici
1426 1995 1534 2035 filiam.

154 2037 282 2068 menses·
862 2042 940 2072 Vide
962 2043 1098 2071 Stemma
1123 2038 1295 2072 Caesamm,
1325 2045 1409 2066 num.
1439 2045 1479 2073 97
1501 2036 1535 2064 ὅε

194 2081 204 2102 3
229 2079 267 2107 Siz
293 2082 501 2118 Assnicavir]
526 2080 589 2110 Dio
612 2103 621 2117 ,
652 2080 710 2109 LX
726 2105 734 2118 ,
756 2091 823 2120 pag.
863 2092 914 2116 99.
1344 2113 1350 2118 ,

154 2117 227 2152 633·
902 2121 914 2138 ⁸
936 2119 1114 2154 TENTATA]
1140 2116 1222 2151 Dio,
1244 2115 1303 2145 loc.
1324 2121 1377 2143 Clt.

192 2159 207 2178 4
230 2157 446 2188 IMMODFRATE
471 2160 728 2195 rxcRevizRANT]
743 2158 825 2188 Idex
903 2164 915 2182 9
938 2159 981 2186 EA
1004 2158 1131 2193 AETATE]
1158 2155 1241 2190 Dio,
1262 2153 1339 2183 ibid.

155 2193 225 2223 Caii
247 2195 395 2234 Caligulae
418 2197 534 2227 insanii.
551 2220 560 2233 ‚
581 2198 618 2228 de
633 2207 693 2236 qua
711 2198 826 2227 dierum
904 2203 931 2217 ¹0
953 2198 1070 2226 CLARIS
1090 2203 1259 2225 miurinus
1281 2195 1293 2230 ]
1322 2193 1429 2234 Nepos
1452 2199 1537 2233 enim

155 2232 241 2270 supra
254 2257 262 2269 ‚
289 2237 477 2266 remanebat.
499 2238 588 2266 Tunc
611 2245 714 2266 autem
729 2236 825 2267 vicies
865 2244 928 2267 erat
944 2235 1038 2265 Asinii
1054 2233 1207 2265 Pollionis
1219 2257 1226 2267 ‚
1238 2232 1319 2262 filius
1334 2230 1536 2276 Afieralh,

156 2272 190 2301 &
207 2281 314 2310 quater
343 2274 373 2303 in
404 2275 483 2305 ludis
507 2275 701 2306 Circensibus
724 2285 824 2306 certa-
865 2277 897 2306 ὃ(
920 2275 1069 2313 Vipsania:
1090 2273 1265 2312 Agrippinae
1283 2295 1292 2307 ‚
1321 2280 1386 2309 quae
1402 2278 1537 2307 primum

157 2310 247 2353 batur
260 2335 268 2346 ‚
286 2321 318 2342 ut
338 2313 431 2344 habet
446 2315 509 2344 Dio
522 2339 529 2349 ‚
556 2315 618 2345 loc.
637 2315 681 2346 cit
709 2316 756 2345 De
779 2315 824 2345 his
865 2315 997 2344 Tiberio
1018 2313 1159 2351 nupserat
1178 2335 1186 2348 ‚
1211 2311 1244 2342 ὅ(
1266 2321 1304 2340 ex
1323 2320 1386 2348 quo
1403 2307 1538 2351 ‘Drusum

157 2350 271 2391 Vngmi
292 2361 425 2390 quatuor
446 2354 578 2384 missibus
599 2365 751 2394 equorum
774 2355 825 2384 di-
867 2354 1015 2384 Caesarem
1030 2353 1212 2394 susceperat..
1229 2350 1304 2379 Inde
1327 2347 1445 2378 Asinius
1460 2346 1537 2387 Gal·-

156 2397 255 2419 :rimus
275 2389 349 2429 saepe
365 2402 402 2422 ex
414 2394 608 2425 Kalendariis
621 2394 787 2425 veteribus.
866 2394 910 2424 liis
939 2392 1031 2424 frater
1056 2400 1119 2422 erat
1134 2400 1273 2421 uterinus
1290 2387 1377 2419 Drusi
1391 2385 1513 2416 Caesaris
1528 2405 1539 2422 ‚

1132 2451 1226 2494 Fff
1245 2448 1271 2503 ij

1504 297 1534 337 s-
1555 292 1668 317 A.U.C.

1574 349 1647 377 799-

1582 396 1604 419 J.
1616 396 1647 420 C.

1588 444 1641 481 46.
