1952 2708
385 162 564 204 LIBRI
609 162 873 210 SEPTIMI
914 161 1287 204 ANNALIUM.

1453 164 1535 200 281

147 292 153 301 ,
216 243 418 286 XXVII.
452 244 526 282 AT
548 255 749 283 extremos
770 244 839 282 vix
866 242 963 282 sanoe
986 244 1130 283 mentis
1152 240 1356 296 igniculos
1378 239 1539 297 oppres-

152 307 235 348 sere
261 307 443 347 homines
474 306 581 355 duo,
610 304 657 346 ad
691 305 887 359 Principis
915 304 1088 344 dedecus
1117 307 1157 344 &t
1186 306 1342 360 imperii
1371 305 1538 345 exitium

151 371 233 410 nati
259 398 272 419 ,
311 368 464 410 Helico
496 373 535 410 ὅ(
568 366 734 424 Apelles
770 374 798 408 ¹.
831 368 941 418 Hic,
976 365 1101 422 patriti
1126 366 1361 423 Ascalonita
1390 371 1402 387 ²
1421 397 1433 416 ,
1463 368 1539 406 stu-

151 433 230 487 pris
263 447 311 472 ac
348 433 515 473 scenicis
551 432 680 487 operis
719 429 877 471 infamis

915 447 922 469 :
957 429 1053 479 ille,
1099 431 1254 483 origine
1292 431 1539 484 AEgyptius‚

98 497 121 536 5
152 493 380 536 scurrilibus
415 493 516 546 jocis
553 498 594 535 ὅ(
632 493 870 535 veteratoria
895 506 977 533 arte
1007 490 1219 533 scelestior.
1250 492 1400 542 Caius,
1438 494 1539 532 utri-

152 572 229 611 que
256 560 533 614 mancipatus,
565 558 715 598 civium
741 557 914 606 famam,
946 556 1074 605 vitas,
1105 555 1310 604 fortunas,
1340 553 1435 594 vilia
1465 556 1539 595 lia-

152 619 246 661 bere

275 638 282 660 ε
310 621 603 677 turpitudinum
632 619 776 675 probra
804 621 998 660 ostentare
1026 636 1034 658 z

1064 618 1113 658 ad
1143 617 1293 658 scelera
1320 617 1538 658 insolesce-

152 698 194 724 re
228 701 236 723 :
274 684 382 725 sacra
412 684 653 740 profanaque
680 698 753 739 pro
781 682 970 723 arbitratu
995 694 1148 722 vertere
1173 697 1181 720 :
1210 680 1328 734 idque
1354 681 1537 732 nequitia:

153 745 354 787 summum
383 747 568 801 adsequi,
596 759 668 796 ut,
702 748 793 787 cum
827 745 1007 802 pessimus
1044 745 1171 785 statim
1201 743 1436 791 haberetur,
1467 742 1539 782 fie-

75 824 126 851 10
154 823 212 850 ret
241 811 282 850 in
311 810 394 851 dies
432 808 556 866 pejor.
581 811 624 850 Si
654 824 752 862 quos
778 809 945 865 puderet
971 822 1042 848 nos
1070 810 1154 848 haec
1185 805 1380 855 scribere,
1413 805 1540 859 magis

153 873 301 928 pudeat
323 872 443 913 talem
472 872 652 913 exstitisse
679 873 933 927 Principem,
961 870 1073 911 fuisse
1101 870 1232 910 adhuc
1258 869 1474 910 deteriores
1500 873 1539 913 Ξ;

154 951 322 989 quorum
349 935 562 977 sceleribus
589 935 739 975 utinam
774 936 932 974 historia
958 949 1046 974 eam
1071 933 1275 974 infamiam
1304 934 1433 972 inurat
1450 960 1462 981 ,
1493 945 1540 970 ut

154 1014 266 1054 pares
296 1014 511 1053 numquam
543 999 676 1039 videat
701 1011 789 1038 :ctas
816 998 968 1053 postera
990 1002 997 1036 !

217 1063 447 1104 XXVIII.
485 1063 577 1102 PER
611 1059 877 1101 deridiculum
912 1075 1072 1115 coepere
1115 1059 1255 1100 insanae
1297 1058 1540 1099 dominatio-

76 1136 125 1176 15
157 1126 217 1167 nis
250 1127 359 1166 vitia.
399 1125 588 1181 Princeps
629 1123 847 1164 saltatorias
883 1127 923 1164 &
956 1123 1132 1164 scenicas
1167 1136 1267 1162 artes
1293 1151 1305 1172 ‚
1355 1122 1541 1176 magistro

154 1187 302 1244 Apelle
325 1217 339 1239 ,
378 1189 538 1229 edoctus
561 1218 572 1238 ,
617 1188 774 1242 imperii
801 1185 1041 1237 majestatem
1079 1201 1125 1226 ac
1150 1200 1261 1226 curas
1288 1185 1435 1240 spernit
1464 1202 1471 1224 :

1498 1185 1541 1223 in

156 1250 389 1308 spe&aculis
418 1264 525 1292 totus
540 1280 553 1301 ,
577 1249 793 1291 leffiffimas
813 1250 1003 1289 Afrorum
1018 1249 1395 1304 Campanorumque
1430 1248 1543 1303 pugi-

156 1313 242 1355 lum
269 1328 446 1356 catervas
465 1314 636 1355 advocat
659 1330 667 1353 ε
690 1313 790 1354 feras
817 1327 867 1353 ex
886 1310 1013 1366 Libya
1041 1311 1204 1366 aliisque
1228 1310 1459 1364 longinquis
1485 1324 1542 1349 re-

158 1377 345 1434 gionibus
370 1377 520 1419 arceffit
543 1394 551 1418 :
576 1378 617 1418 in
644 1377 981 1433 amphitheatrum
995 1375 1119 1416 Tauri
1145 1380 1162 1403 4
1179 1404 1192 1424 ‚
1222 1375 1263 1414 in
1282 1373 1446 1414 Circum
1463 1403 1475 1423 ,
1500 1373 1544 1413 in

158 1501 256 1532 tidem
278 1501 373 1533 literis
394 1501 559 1533 Suetonius
579 1502 610 1532 in
624 1501 722 1537 Caio,
746 1502 828 1532 XVI,

159 1542 319 1579 Perperam
346 1542 378 1571 in
394 1542 619 1572 recentioribus
638 1540 829 1572 editionibus

159 1581 358 1612 emendatum
381 1581 548 1620 centefimam
566 1603 574 1615 ,
607 1579 829 1619 refragantibus

158 1620 316 1650 veteribus
336 1619 482 1650 omnibus
506 1620 697 1650 editionibus
713 1642 722 1655 ‚
740 1620 773 1650 &
790 1619 830 1648 li-

158 1658 221 1688 bris
246 1659 372 1697 optiniae
396 1668 477 1689 notae
505 1660 569 1689 Mss.
587 1659 728 1698 Antiquae
742 1658 830 1696 scrip-

159 1706 234 1728 turae
254 1699 450 1737 adstipulatur
476 1709 602 1737 quoque
629 1708 771 1728 nummus
794 1708 831 1727 ex

159 1747 216 1767 aere
230 1737 433 1777 minimo,qui
443 1738 521 1767 olim
534 1737 592 1768 fuit
602 1738 633 1767 in
645 1737 749 1768 Museo
760 1737 833 1766 Col-

160 1776 233 1814 legii
258 1777 416 1807 Ludovici
442 1777 546 1816 Magni
577 1786 583 1804 t
618 1778 655 1806 C.
677 1777 830 1806 CAESAR

160 1815 247 1845 DIVI
269 1817 363 1846 AVG.
378 1817 499 1846 PRON.
514 1816 608 1846 AVG.
625 1815 656 1845 id
670 1816 730 1852 est,
746 1815 832 1844 Cuius

161 1853 274 1892 Caefizr,
299 1855 354 1884 divi
382 1854 496 1894 Augusti
515 1865 645 1892 pronepos
657 1879 666 1892 ,
682 1854 828 1894 Augustus.

162 1895 198 1923 In
210 1893 315 1924 medio
335 1896 352 1924 S
363 1896 398 1924 C.
407 1893 646 1933 senatuscorifidw,
657 1904 727 1924 cum
737 1894 832 1932 pileo,

161 1932 315 1963 libertatis
338 1933 493 1971 symbolo.
525 1935 570 1964 Ex
585 1933 712 1963 adversa
726 1941 810 1971 parte
824 1956 832 1968 ,

160 1973 257 2002 PON.
270 1973 313 2001 Μ.
328 1973 393 2002 TR.
406 1974 498 2002 P.111.
508 1974 578 2003 P.P.
588 1973 832 2002 COS.DES.III.

161 2011 195 2041 id
209 2011 249 2042 est
262 2035 271 2048 ,
292 2011 415 2048 pontifex
436 2012 571 2041 maximus
584 2035 593 2049 ‚
612 2011 766 2040 tribuniciae
782 2021 833 2047 po—

160 2049 468 2129 {izsss‘gfilzfflssnzfffffiff
481 2050 836 2120 ’isimsseffigioeii'cemsi‘i

456 2113 462 2119 .
773 2111 779 2118 -
817 2102 827 2118 ί

162 2130 203 2160 est
221 2153 231 2165 ,
258 2129 359 2168 remi'ffiz
384 2128 572 2167 diicentessma.
598 2128 685 2158 Utin
702 2128 836 2158 nummis

162 2169 269 2200 Galbae
279 2190 287 2203 ,
300 2169 445 2198 RXXXK
458 2191 466 2205 ‚
480 2168 531 2198 vel
544 2168 835 2204 QVADRAGENS.

162 2208 342 2239 REMISSA.
368 2207 399 2237 id
413 2207 452 2237 est
473 2231 481 2243 ,
497 2206 702 2246 quadragesima
724 2206 836 2245 remilla.

162 2246 357 2286 Ducentejsi‘ma
384 2254 488 2276 autem
507 2246 658 2275 aufliotziim
678 2245 838 2276 dicebatur

164 2297 230 2325 pars
252 2285 462 2317 ducentesima
494 2296 595 2315 rerum
627 2284 786 2315 venalium
806 2284 838 2313 in

164 2325 328 2361 auctione,
348 2336 414 2364 quae
436 2324 509 2355 fisco
526 2325 737 2355 addicebatur.
763 2325 838 2354 Non

165 2372 271 2394 tamen
292 2364 544 2394 dissimulaverim
560 2364 699 2394 Dionem
712 2387 720 2400 ‚
754 2364 837 2392 LIX.

165 2413 237 2443 pag.
251 2407 324 2441 647.
344 2403 486 2442 scripfiffe
506 2403 704 2435 centesimam
727 2412 744 2434 a
759 2402 838 2434 Caio
857 2394 863 2439 Ι

276 2455 398 2505 Tom.
434 2455 530 2508 IV.

869 1500 1018 1531 sublatam
1042 1510 1049 1530 :
1073 1508 1130 1529 nec
1154 1495 1387 1528 emendaverim
1409 1504 1479 1525 cum
1492 1493 1543 1524 Cl.

869 1541 998 1570 Moreau
1015 1540 1052 1569 de
1063 1539 1207 1568 Mautoui·
1216 1559 1223 1571 ‚
1233 1535 1352 1565 Journal
1363 1535 1394 1564 de
1405 1534 1543 1563 Trebium.

868 1590 940 1610 ann.
987 1581 1073 1617 1728.
1106 1577 1281 1607 Novembr.
1317 1585 1385 1613 pag.
1415 1583 1487 1603 2121
1509 1574 1544 1603 ὃς

870 1620 952 1658 seqq.
973 1621 1136 1647 mammosa-
1149 1626 1203 1655 }71‘0
1217 1618 1345 1645 ἐκατοςῖἕς-
1361 1613 1418 1644 sed
1437 1612 1456 1641 sl
1471 1622 1545 1641 vera

870 1658 938 1688 sunt
951 1669 1016 1696 quae
1032 1655 1143 1695 scripsit
1159 1655 1221 1685 Dio
1232 1678 1240 1690 ‚
1255 1655 1365 1684 LVIII.
1390 1662 1457 1691 pag.
1472 1655 1545 1688 631.

871 1699 903 1728 ὅ(
919 1699 999 1726 Ι.,1Χ.
1023 1706 1090 1735 pag.
1103 1699 1174 1732 647.
1187 1693 1318 1723 dixerim
1336 1703 1390 1731 pro
1413 1689 1546 1721 centesi-

872 1736 919 1766 ma
930 1761 938 1771 ‚
951 1736 1058 1766 civilia
1073 1734 1138 1773 post
1153 1734 1236 1764 bella
1249 1731 1547 1767 inffirunhduccnte-

871 1775 974 1805 simam
988 1786 1004 1805 a
1019 1774 1150 1805 Tiberio
1166 1772 1252 1802 fiiiise
1265 1772 1404 1801 staturam
1415 1793 1423 1805 ‚
1441 1769 1546 1798 Tacit.

871 1816 982 1845 Annal.
1005 1816 1015 1844 I
1033 1838 1041 1851 ,
1074 1816 1125 1851 78.
1145 1813 1177 1843 &
1193 1813 1219 1841 ll
1234 1835 1242 1848 ‚
1271 1822 1320 1847 42.
1339 1808 1547 1840 Centesimam

872 1854 935 1893 post
952 1864 1086 1884 mortem
1099 1851 1200 1889 Sejani
1220 1861 1236 1880 a
1251 1848 1383 1879 Tiberio
1405 1847 1490 1891 fuissje
1502 1856 1547 1876 re-

872 1903 1036 1928 novatam,
1049 1892 1111 1922 Dio
1121 1915 1129 1926 ,
1144 1891 1253 1919 LVIII.
1263 1899 1329 1928 pag.
1341 1886 1547 1925 6310De1nde

871 1944 888 1963 a
904 1933 983 1963 Caio
1000 1930 1196 1962 centesimam
1211 1929 1324 1958 iterum
1336 1926 1527 1965 antiquatam
1538 1948 1548 1962 ,

872 1971 934 2002 Dio
950 1995 958 2007 ,
977 1972 1059 2001 LIX.
1073 1980 1140 2009 pag.
1153 1972 1225 2006 647.
1239 1968 1372 1997 Demum
1386 1966 1479 2004 ipsam
1493 1965 1551 1995 du-

873 2010 1071 2042 centesimam
1090 2020 1107 2039 a
1122 2008 1201 2051 Caio
1218 2008 1399 2045 abrogatam
1417 2027 1425 2040 ‚
1448 2012 1481 2034 ut
1493 2014 1550 2048 pa·-

873 2059 917 2081 tet
933 2058 996 2080 tum
1013 2060 1051 2080 ex
1066 2051 1219 2078 Suetonio
1233 2070 1241 2081 ‚
1254 2054 1320 2076 tum
1335 2056 1372 2075 ex
1386 2054 1530 2074 nummis.

916 2095 923 2108 ¹
949 2090 1067 2118 Hermo
1095 2099 1130 2118 ET
1151 2089 1310 2118 APFLLES]
1333 2085 1380 2114 De
1394 2083 1430 2113 iis
1452 2083 1549 2112 multa

875 2128 962 2158 Philo
982 2151 990 2165 ,
1012 2129 1120 2165 Legat.
1142 2126 1181 2156 ad
1197 2124 1327 2159 Caium,
1342 2133 1410 2162 pag.
1428 2126 1502 2152 1016
1515 2122 1551 2152 ὃ(

881 2176 965 2196 1021.

915 2212 927 2225 ²
950 2207 1009 2236 Asc
1019 2216 1148 2235 immi-A
1163 2208 1173 2238 ]
1197 2202 1346 2237 Ascalon,
1371 2200 1441 2230 urbs
1457 2199 1552 2229 mari-

878 2245 956 2276 tima
969 2245 1065 2275 tribus
1079 2244 1222 2275 Simeon,
1251 2252 1331 2271 nunc
1346 2238 1492 2279 Ascalonii.

918 2291 927 2311 3
951 2284 1180 2320 Dsrrnioass]
1204 2283 1368 2312 Neronem
1390 2288 1502 2317 nempe
1517 2287 1553 2308 ac

877 2323 1111 2354 Domitianum.

917 2368 931 2387 4
960 2365 1242 2392 Aaii’iiiriiisaraum
1276 2360 1384 2389 TAUR1
1408 2359 1422 2394 ]
1459 2353 1555 2396 Quod

878 2402 1015 2435 Statilius
1027 2403 1144 2433 Taurus
1156 2425 1164 2439 ‚
1177 2407 1288 2440 quarto
1307 2396 1431 2437 Augusti
1443 2394 1557 2425 conlu-

1233 2453 1275 2494 Ν
1292 2467 1318 2492 n

1560 251 1675 267 πε

1560 292 1591 316 Α.
1601 293 1631 314 U.
1643 292 1672 315 C.

1581 348 1655 378 79¹·

1586 392 1646 416 J.C.

1596 439 1647 476 38.
