1952 2708
422 155 508 190 242
597 136 818 178 NoTAE
865 137 952 179 ET
994 137 1588 182 EMENDATIONES

419 228 490 256 nos,
507 213 659 250 Gallicae
672 224 826 251 monetae
839 214 944 251 libras
962 218 1034 265 855
1047 242 1056 258 ‚
1071 216 1137 252 Ms.
1153 216 1367 255 Vindobon.
1384 217 1478 254 Οθεο
1497 217 1660 266 Septimii
1674 217 1796 254 Severi

417 263 648 301 liberalitates
674 265 712 299 in
745 265 896 301 nummis
918 276 1182 309 memorantur,
1215 266 1299 302 teste
1332 266 1390 303 Cl.
1416 267 1597 311 Vaillant,
1630 267 1703 303 loc.
1736 267 1797 303 cit.

417 325 499 361 pag.
527 315 615 360 246.
642 314 790 363 Infignis
810 315 963 350 maxime
982 316 1085 350 tertia
1104 343 1113 358 ‚
1141 317 1222 351 cum
1245 316 1385 364 imperii
1413 316 1620 353 decennalia
1643 316 1799 353 celebra·

416 373 472 411 ret
495 375 591 398 anno
617 363 723 399 Urbis
747 364 904 399 conditae
930 376 1117 400 Dccchv.
1141 364 1242 400 Plebi
1262 366 1357 400 enim
1372 391 1382 409 ,
1405 378 1484 415 quae
1499 366 1714 402 frumentum
1734 379 1796 415 pu-

418 410 554 447 blicum
586 412 805 461 accipiebat,
834 416 867 449 δε
897 413 1140 461 praetorianis,
1178 413 1289 449 denos
1327 427 1473 457 aureos,
1503 417 1636 451 Gallico:
1666 428 1796 451 moneta:

419 462 517 496 libras
544 473 642 505 210,
669 461 795 498 divisit.
821 463 880 499 Sic
903 463 1024 498 datum
1044 463 1097 498 bis
1120 462 1249 498 millies
1267 463 1458 500 sestertifim
1473 492 1482 506 ‚
1509 466 1644 500 Gallicae
1666 477 1796 500 monetae

417 512 507 546 lihrae
531 513 778 560 38‚910‚050.
804 512 1007 562 Numquam
1030 523 1133 548 antea
1158 523 1295 548 tantum
1313 514 1469 562 populus
1490 514 1624 549 viritim
1644 527 1796 563 accepe-

417 571 481 595 rat.
510 560 609 604 Dio,
634 560 808 606 LXXVI,
837 575 918 610 pag.
950 565 1037 611 859.
1063 561 1153 598 Inde
1183 573 1299 598 autem
1325 572 1448 611 patet,
1479 563 1579 612 quod
1604 563 1795 600 observatu

416 609 588 659 dignum,
614 623 797 647 numerum
828 611 966 659 plebis,
996 624 1075 661 quae
1101 611 1316 648 frumentum
1347 613 1532 662 publicum
1567 612 1795 661 accipiebat,
1826 648 1830 651 .

413 658 644 696 imminutum
669 661 734 698 effe
758 660 802 695 ab
818 660 968 710 Augusti
988 661 1220 709 temporibus.
1239 661 1347 698 Tunc
1369 661 1464 699 enim
1484 661 1604 705 fuere,
1628 672 1668 697 ut
1691 662 1795 710 supra

414 707 567 744 diximus
593 722 636 745 ex
656 722 832 747 marmore
856 712 1076 760 Ancyrano,
1103 710 1214 760 paulo
1241 711 1362 760 plura,
1389 712 1495 762 quam
1519 711 1708 747 hominurn
1733 711 1794 747 du-

413 768 519 794 centa
549 758 673 795 millia.
700 759 810 797 Nunc
832 759 931 797 fuere
960 761 1098 796 tanturn
1120 760 1231 809 paulo
1259 761 1386 811 plura,
1420 761 1524 812 quam
1549 772 1694 798 centum
1718 773 1793 798 no-

414 808 562 858 naginta
583 809 707 845 millia.

463 907 786 945 SEPTIMIUS
816 909 1000 952 GETA,
1022 909 1105 945 cum
1128 909 1296 958 Princeps
1332 911 1421 953 fuit,
1458 909 1682 959 congiarium
1715 920 1793 945 non

413 957 536 1001 dedit,
564 970 583 993 a
606 958 710 994 fratre
732 958 795 994 suo
821 958 1014 995 Antonino
1043 959 1228 995 Caracalla
1248 959 1348 996 brevi
1371 960 1612 1008 interemptus.
1635 957 1793 994 Dederat

411 1007 516 1050 ante,
543 1007 631 1043 vivo
654 1019 754 1056 patre
778 1008 954 1057 Septimio
977 1010 1133 1052 Severo,
1164 1022 1183 1044 a
1207 1022 1279 1058 quo
1305 1023 1384 1045 cum
1407 1010 1510 1045 fratre
1533 1010 1596 1045 suo
1621 1008 1658 1044 in
1678 1008 1794 1056 impe-

410 1055 454 1091 rii
480 1056 684 1094 societatem
707 1057 910 1106 adsumptus
934 1058 1057 1094 fuerat.
1078 1058 1199 1094 Testes
1217 1059 1296 1094 sunt
1321 1059 1455 1095 nummi
1474 1070 1549 1094 tum
1566 1059 1690 1099 Getae,
1714 1068 1792 1093 tum

412 1105 630 1149 Caracallae,
664 1107 824 1155 inscripti
857 1106 1185 1143 LIBERALITAS
1215 1108 1372 1145 AVGG.
1400 1110 1453 1146 VI
1482 1108 1548 1144 ET
1575 1108 1619 1143 V.
1648 1107 1686 1142 id
1712 1107 1760 1143 est
1778 1133 1793 1150 ,

409 1156 587 1190 liberalitas
621 1156 839 1204 Augustorum
866 1158 962 1204 fixta
989 1158 1025 1192 ξφ
1047 1161 1184 1204 quinta:
1218 1157 1313 1194 sexta
1339 1158 1556 1200 Caracallae,
1584 1168 1623 1192 ut
1646 1169 1689 1193 ex
1716 1156 1791 1192 alio

409 1206 483 1248 ejus
498 1218 645 1241 nummo
671 1205 808 1242 constat
822 1234 831 1248 ‚
859 1206 983 1255 quinta
1001 1208 1113 1242 Getce.
1133 1206 1310 1244 Nummos
1326 1208 1410 1244 vide
1429 1207 1523 1255 apud
1540 1206 1790 1249 Harduinum,

408 1253 497 1289 ibid.
533 1268 612 1304 pag.
640 1259 714 1302 807
738 1259 770 1291 &
794 1256 889 1304 seqq.
919 1259 952 1291 ὃς
976 1256 1032 1292 Cl.
1063 1256 1106 1292 de
1127 1256 1248 1302 Boze,
1276 1258 1337 1307 qui
1362 1257 1543 1307 supplevit
1566 1255 1790 1293 Dissertatio·

408 1315 490 1340 nem
515 1305 570 1340 Cl.
599 1305 777 1347 Vaillant‚
807 1306 878 1342 loc.
905 1305 965 1341 cit.
996 1318 1077 1355 pag.
1106 1318 1194 1353 247.

461 1402 581 1438 ANT
595 1401 673 1438 ON
687 1402 747 1437 ῙΝ
760 1403 795 1438 U
808 1404 830 1439 S
860 1403 970 1438 CAR
984 1404 1056 1439 AC
1071 1403 1220 1439 ALLA
1245 1407 1406 1453 congiaria
1430 1406 1515 1440 dedit
1539 1405 1681 1440 denarios
1705 1418 1787 1452 qua-

406 1453 572 1499 dringenos
589 1480 598 1495 ‚
627 1451 778 1488 Gallicae
803 1464 957 1489 monetae
980 1453 1085 1488 libras
1112 1465 1180 1502 311
1199 1483 1207 1496 ,
1239 1455 1305 1492 Ms.
1334 1454 1546 1490 vindobon.
1570 1454 1612 1490 In
1633 1454 1787 1490 nummis

406 1514 504 1537 nona
530 1501 724 1537 Caracallae
749 1501 941 1538 liberalitas
962 1513 1202 1546 memoratur,
1227 1502 1313 1540 teste
1339 1503 1394 1538 Cl.
1418 1503 1462 1540 de
1478 1506 1576 1540 Boze
1591 1531 1600 1547 ,
1629 1503 1702 1540 loc.
1723 1503 1785 1540 cit.

405 1564 487 1599 pag.
524 1564 611 1598 247.
648 1550 735 1586 Non
771 1551 868 1600 qubd
902 1565 1035 1588 novem
1061 1552 1290 1589 liberalitates
1315 1552 1452 1589 dederit
1482 1554 1649 1601 Princeps
1674 1554 1786 1589 Cara-

405 1601 496 1636 calla
512 1629 521 1644 ,
552 1601 612 1636 sed
634 1599 732 1649 qubd
762 1614 860 1636 nona
884 1601 924 1637 fit
946 1606 965 1638 a
990 1602 1104 1650 prima
1120 1630 1130 1645 ‚
1164 1615 1270 1652 quam
1304 1602 1448 1639 dederat
1471 1614 1570 1651 pater
1595 1605 1668 1650 ejus
1690 1604 1785 1650 Sep-

404 1650 524 1685 timius
545 1652 692 1686 Severus
717 1662 812 1686 anno
835 1651 943 1687 Urbis
969 1651 1127 1688 conditae
1160 1664 1418 1688 DCCCCXLVHI.
1447 1654 1507 1688 Sic
1542 1652 1638 1689 enim
1671 1651 1784 1699 expli-

404 1699 510 1735 candi
542 1699 629 1734 mihi
656 1699 824 1736 videntur
842 1700 977 1736 nummi
1001 1713 1073 1737 tum
1114 1702 1259 1745 Severi,
1290 1712 1365 1737 turn
1388 1701 1545 1738 filiorum
1572 1704 1645 1750 ejus
1673 1702 1784 1737 Cara-

403 1749 503 1785 callae
527 1752 560 1785 δε
584 1751 707 1793 Getae,
733 1762 823 1799 quos
850 1751 933 1788 vide
955 1751 1052 1799 apud
1077 1751 1306 1788 Harduinum
1329 1751 1402 1789 loc.
1428 1752 1488 1789 cit.

451 1847 572 1883 MAC
584 1849 615 1884 R
628 1848 763 1885 INUS
781 1852 975 1899 congiarium
997 1850 1083 1885 dedit
1101 1851 1243 1886 denarios
1260 1861 1399 1886 centenos
1424 1853 1677 1899 quinquagenos,
1698 1849 1782 1886 Gal-

401 1896 482 1933 licce
505 1908 659 1934 monetae
681 1898 787 1934 libras
818 1900 913 1942 116,
943 1899 1008 1935 Ms.
1035 1899 1249 1937 Vindobon.
1273 1903 1306 1936 <Sc
1322 1899 1400 1936 Dio
1415 1927 1425 1943 ‚
1452 1899 1662 1942 LXXVIII,
1695 1911 1780 1949 pag.

401 1959 491 1992 902.
512 1947 748 1997 Congiarium
769 1948 859 1985 illud
880 1948 1014 1986 habent
1038 1962 1183 2000 quoque
1205 1950 1365 1992 nummi,
1392 1949 1477 1987 teste
1501 1948 1557 1986 CI.
1589 1948 1634 1986 de
1655 1948 1778 1994 Boze,

403 1995 475 2032 loc.
503 1996 563 2032 cit.
587 2010 669 2047 pag.
697 2010 786 2046 247.

450 2093 813 2132 ANTONINUS
839 2097 1228 2134 ELAGABALUS
1251 2100 1414 2146 congiaria
1436 2097 1522 2133 dedit
1545 2097 1690 2133 denarios
1713 2097 1776 2132 du-

430 2181 478 2206 GE
486 2185 506 2206 T
516 2183 535 2207 Α
556 2184 612 2216 imp.
623 2188 710 2209 menses
724 2195 747 2210 x.
758 2185 781 2209 d.
795 2195 832 2209 xi.
843 2187 940 2211 Occisus
952 2188 1050 2219 palatio.
1140 2189 1165 2212 M
1173 2187 1193 2211 A
1201 2188 1221 2212 C
1230 2189 1270 2212 ΕΙ
1279 2188 1301 2211 N
1309 2188 1329 2210 U
1337 2189 1351 2211 S
1369 2187 1427 2218 imp.
1438 2195 1504 2210 anno
1515 2193 1576 2212 unu,
1598 2193 1630 2209 m.
1650 2193 1701 2208 ιω.
1711 2183 1733 2207 d.
1746 2193 1776 2209 η.

428 2216 449 2239 A
458 2217 507 2239 NT
516 2218 538 2240 O
549 2219 568 2239 N
580 2220 591 2241 1
601 2220 620 2241 N
630 2220 648 2241 U
658 2221 672 2242 S
701 2220 751 2243 MA
761 2220 813 2243 GN
822 2221 841 2242 U
850 2222 864 2244 S
883 2221 938 2252 imp.
956 2230 1012 2245 ann.
1030 2230 1066 2246 vr.
1107 2222 1189 2254 Cong.
1199 2222 1263 2245 dedit
1276 2231 1290 2245 x
1302 2229 1339 2245 οι.
1352 2223 1406 2244 Hoc
1416 2221 1472 2252 imp.
1486 2220 1656 2251 amphitheater
1667 2217 1776 2242 atfit.Oc-

395 2258 427 2273 m.
439 2258 466 2273 ιι.
478 2250 504 2273 (1>
513 2260 557 2274 xv.
569 2253 648 2284 Cong.
660 2253 746 2277 deditx
757 2262 816 2277 cccc
847 2255 901 2278 Hoc
913 2256 969 2286 imp.
990 2258 1066 2285 janu-’z
1107 2257 1164 2280 cisus
1185 2255 1316 2279 Arce-laida.

394 2284 458 2307 Circi
471 2285 585 2315 ampliatz
598 2287 662 2313 sunt,
676 2289 699 2310 ὃς
711 2295 788 2310 termae
800 2289 945 2312 Antonianae
956 2289 1066 2313 dedicatae
1140 2289 1247 2313 ANTO
1255 2289 1275 2312 N
1284 2289 1296 2311 1
1305 2289 1327 2312 N
1335 2288 1378 2311 US
1420 2289 1438 2311 E
1447 2287 1492 2311 LA
1500 2287 1550 2310 (ΞΑ
1560 2286 1656 2309 BALU
1665 2286 1679 2308 S
1717 2286 1777 2316 imp.

393 2318 456 2340 sunt.
475 2318 519 2340 Hic
530 2319 595 2342 suam
607 2328 705 2344 matrem
715 2322 807 2345 habuit.
817 2323 916 2346 Exceffit
926 2324 988 2347 inter
998 2323 1064 2347 Edis-
1106 2330 1154 2346 ann
1175 2331 1210 2346 vi.
1223 2331 1253 2345 in.
1268 2331 1326 2346 vm.
1338 2321 1360 2344 d.
1373 2330 1450 2345 xvur.
1461 2322 1533 2352 Cong
1549 2319 1612 2342 dedit
1622 2329 1637 2344 x
1649 2327 1702 2343 ccx..
1712 2319 1778 2345 Elio-

392 2351 441 2375 sam
458 2353 482 2376 δε
493 2352 587 2377 Carras.
1105 2356 1219 2388 gabalion
1230 2355 1364 2382 dedicatum
1373 2355 1414 2380 est.
1427 2355 1524 2380 Occisus
1535 2355 1626 2379 Romae.
