1952 2708
403 174 493 211 234·
584 155 806 196 NOTAE
858 153 943 194 ET
991 151 1592 196 EMENDATIONES

399 236 497 275 iere3
524 231 585 267 alii
609 231 845 275 liberalitate,
875 230 936 267 alii
960 231 1221 268 consuetudine
1247 234 1281 267 ὅ(
1304 231 1586 282 prodigalitate3
1616 232 1676 268 alii
1703 245 1787 270 ava-

400 283 506 326 ritia,
539 281 621 319 curn
658 282 804 326 darent,
837 292 876 318 ut
909 281 1081 317 audacius
1115 281 1314 325 auferrent3
1345 282 1406 318 alii
1441 282 1785 333 neceffitate:plebs

400 333 497 370 enim
512 332 762 382 largitionibus
776 332 930 369 inescata
945 359 953 373 ‚
968 331 1217 374 insolescebat,
1235 332 1341 367 avida
1356 332 1504 380 semper,
1522 332 1655 381 semper
1665 347 1784 383 egens,

450 384 596 429 Quanta
619 395 735 419 autem
760 382 941 431 impendia
969 380 1004 416 in
1030 381 1225 431 congiariis
1249 383 1405 417 Romani
1432 382 1669 430 Imperatores
1692 384 1784 423 fece-

398 433 469 469 rint
489 433 747 482 explicaturus,
769 431 1042 482 praemonuerim
1062 431 1248 480 congiaria
1266 431 1348 467 data
1361 431 1459 468 fuisse
1476 432 1573 480 plebi
1590 432 1785 477 Romanae,

399 483 541 531 ejusque
571 483 689 532 pueris
718 482 762 518 ab
793 481 985 519 undecimo
1011 481 1124 517 aetatis
1151 494 1273 524 anno,
1306 481 1398 530 saepe
1427 481 1534 517 etiam
1561 483 1785 521 minoribus:

397 532 563 582 Augusto
590 533 776 581 Principe,
805 531 990 582 congiaria
1016 531 1212 580 pervenisse
1236 530 1281 566 ad
1301 531 1435 567 civium
1456 531 1570 566 millia
1589 545 1783 583 numquam

397 583 514 618 minus
542 584 800 632 quinquaginta
839 586 871 618 &
904 582 1068 618 ducenta.
1102 579 1219 617 Immo
1247 580 1324 629 ipse
1354 593 1451 616 anno
1478 579 1674 618 tribunitiae
1712 583 1782 621 suae

425 632 579 668 otestatis
607 631 898 669 duodevicesimo
914 659 923 674 ,
953 630 1078 668 consul
1103 631 1198 674 XII,
1225 631 1393 668 trecentis
1410 634 1443 667 ὃς
1469 630 1600 681 viginti
1623 631 1782 668 millibus

394 681 513 730 plebei
540 682 697 718 Urbanae
725 682 833 718 dedit.
861 681 975 717 Porro
999 681 1103 725 cum,
1129 681 1174 717 ab
1196 680 1346 731 Augusti
1370 681 1598 730 principatu,
1624 681 1713 718 novi
1732 683 1783 719 ci-

394 744 455 768 ves
477 732 514 767 in
540 733 649 767 tribus
674 732 810 779 semper
830 730 1098 781 adlegerentur,
1129 731 1267 779 semper
1290 731 1478 780 ampliatus
1499 730 1537 766 sit
1562 731 1696 768 civium
1716 744 1782 768 nu·-

392 794 507 818 merus
521 809 530 825 ,
558 782 695 817 nullum
721 782 787 817 erit
809 781 1101 829 amplificationis
1125 781 1323 829 periculum
1337 811 1345 823 ,
1366 781 1390 816 si
1413 793 1433 816 a
1453 780 1551 817 Julio
1574 781 1713 818 Caesare
1732 782 1779 819 ad

392 831 588 875 Traianum
617 831 801 880 congiaria
837 831 999 868 ducentis
1027 835 1059 867 ὃς
1089 831 1349 881 quinquaginta
1377 831 1565 867 hominum
1594 831 1780 877 millibus,

390 893 412 917 a
436 882 595 928 Traiano
619 881 666 916 ad
693 881 745 916 M.
768 880 953 918 Aurelium
978 882 1231 924 Antoninum,
1263 881 1343 917 cum
1373 880 1490 917 Roma
1517 881 1585 917 fuit
1614 881 1780 931 frequen-

390 931 515 967 tissima
539 934 573 967 ὃς
592 943 720 980 magna
742 930 950 980 Principum
969 931 1162 968 liberalitas
1177 959 1186 975 ,
1212 931 1380 968 trecentis
1398 930 1555 967 millibus
1583 932 1779 979 pervenisse

390 982 667 1029 computaveris.
692 980 817 1018 Postea
843 981 901 1017 vel
930 981 1117 1018 imminuta
1140 981 1248 1018 Urbis
1283 981 1504 1030 frequentia,
1534 981 1593 1017 vel
1618 981 1778 1019 adstrifta

388 1030 597 1079 Principum
619 1031 833 1074 liberalitas,
873 1042 912 1067 ut
936 1045 1022 1068 mox
1052 1032 1090 1067 in
1117 1031 1295 1080 Septimio
1323 1033 1456 1068 Severo
1482 1030 1694 1067 videbimus.
1724 1032 1777 1069 At

389 1081 484 1116 cert'c
508 1093 583 1116 tum
612 1081 719 1117 etiam
741 1081 926 1130 congiaria
950 1091 1093 1117 centurn
1119 1081 1378 1130 quinquaginta
1404 1080 1561 1117 millibus
1586 1081 1776 1118 hominum

386 1143 594 1178 pervenere.
622 1131 738 1166 Immo
761 1130 814 1166 his
832 1131 1033 1166 rationibus
1060 1130 1254 1179 plurimum
1282 1130 1485 1168 minuentur
1504 1131 1776 1181 congiariorum

385 1181 566 1229 impensae.
588 1180 724 1217 Verum
759 1180 919 1217 minuere
952 1180 1099 1230 potius,
1129 1181 1234 1230 quam
1261 1193 1389 1230 augere
1416 1181 1572 1230 expedit.
1598 1181 1776 1218 Immensa

385 1229 503 1266 adhuc
527 1230 688 1280 exsurget
718 1231 950 1279 pecuniarum
986 1231 1119 1266 summa
1148 1231 1187 1266 in
1225 1231 1420 1281 congiariis
1447 1231 1611 1279 expensa.
1640 1231 1773 1274 Adde,

383 1290 422 1314 ut
443 1279 755 1328 Imperatoriarum
780 1280 1013 1330 largitionum
1036 1281 1112 1316 vim
1137 1280 1315 1329 intelligas
1333 1309 1342 1324 ,
1373 1280 1677 1330 quemadmodum
1704 1294 1774 1330 po-

381 1329 472 1377 pulo
496 1330 681 1379 congiaria
697 1358 707 1373 ,
740 1329 787 1365 fic
810 1330 982 1366 militibus
1005 1330 1179 1366 donativa
1200 1330 1299 1366 fuiffe
1320 1330 1506 1379 proposita
1521 1357 1530 1371 ‚
1555 1343 1598 1367 ac
1618 1333 1772 1378 majores

381 1378 593 1428 plerumque
623 1380 659 1415 in
686 1379 867 1415 donativis
888 1408 897 1423 ‚
927 1380 1033 1429 quam
1070 1380 1107 1415 in
1136 1380 1331 1429 congiariis
1356 1380 1531 1428 impensas
1561 1379 1670 1416 fuisse.
1699 1380 1770 1416 His

380 1429 629 1476 praemonitis,
659 1429 850 1478 scriptores
882 1441 1044 1473 veteres,
1082 1443 1271 1471 nummos,
1312 1429 1593 1477 Inscriptiones,
1622 1442 1664 1465 ac
1692 1442 1769 1465 ma-

379 1478 475 1513 xime
498 1479 565 1513 Ms.
589 1478 768 1515 Codicem
791 1479 961 1516 Caesareae
987 1479 1226 1517 Bibliothecae
1250 1479 1541 1517 Vindobonensis
1567 1481 1575 1495 ¹
1606 1478 1769 1523 secutus,

378 1525 642 1576 Imperatorum
671 1528 858 1579 congiaria
881 1542 1073 1579 exponam.

430 1626 474 1662 C.
500 1627 668 1664 JULIUS
698 1628 868 1665 CAESAR
904 1632 1100 1677 congiarium
1127 1630 1213 1666 dedit
1239 1629 1382 1664 denarios
1421 1641 1586 1672 centenos,
1614 1628 1768 1665 Gallicae

376 1688 531 1713 monetae
563 1678 669 1713 libras
693 1691 756 1725 77.
782 1679 847 1714 Ms.
875 1678 1090 1716 Vindobon.
1124 1681 1181 1717 De
1210 1679 1375 1728 pecuniae
1411 1679 1548 1715 summa
1583 1678 1765 1715 consentit

374 1727 591 1763 Suetonius:
616 1739 653 1763 at
678 1726 894 1764 frumentum
918 1729 1110 1779 oleumque
1135 1729 1217 1766 data
1234 1729 1379 1778 insuper
1397 1729 1518 1765 docet.
1542 1729 1663 1774 Populo
1682 1742 1764 1775 prae-

373 1786 423 1810 ter
434 1776 594 1823 frumenti
619 1778 711 1814 denos
737 1779 855 1814 modios
867 1809 875 1821 ‚
902 1793 938 1814 ac
960 1782 1090 1816 totidem
1107 1781 1165 1815 olei
1183 1781 1300 1822 libras,
1317 1782 1450 1814 tricenos
1467 1791 1584 1828 quoque
1601 1791 1763 1821 nummos,

373 1838 448 1873 quos
475 1829 641 1873 pollicitus
675 1829 751 1864 olim
779 1840 867 1870 erat,
887 1832 1013 1864 viritim
1041 1829 1178 1878 divtfit:
1199 1831 1235 1866 ὃ*
1260 1830 1315 1864 Izoc
1339 1831 1502 1876 amplius,
1529 1840 1671 1865 centenos
1701 1841 1764 1874 pro

373 1875 474 1912 mord.
497 1878 646 1915 Sueton.
669 1877 707 1914 in
732 1877 800 1916 Jul.
824 1878 1028 1917 XXXVIII.

424 1974 700 2014 AUGUSTUS
725 1980 920 2026 congiarium
937 1978 1023 2014 dedit
1040 1990 1086 2015 ter
1105 1994 1133 2014 A
1151 1992 1305 2014 cmm
1330 1994 1361 2014 S.
1379 1978 1432 2015 At
1454 1977 1516 2014 hic
1538 1977 1628 2014 latet
1651 1949 1762 2014 nbra-

405 2079 413 2092 ¹
434 2074 519 2098 Codex
542 2076 582 2100 ille
602 2078 644 2100 ΜΓ.
660 2077 691 2100 est
714 2076 776 2100 inter
796 2078 929 2103 Historicos
944 2080 1043 2103 Latinos
1084 2081 1115 2103 ses
1128 2088 1166 2103 vn
1179 2097 1184 2107 ,
1202 2079 1249 2103 dies
1262 2088 1298 2103 vr.
1309 2078 1469 2111 Congiarium
1478 2076 1543 2101 dedit
1554 2085 1596 2101 xc.
1607 2075 1705 2100 Occisus
1715 2084 1759 2100 cu-

368 2106 460 2131 todiccs
475 2110 584 2133 Caesaseae
596 2111 750 2134 Bibliothecae
766 2112 958 2137 vindobonensis
970 2132 975 2140 ,
998 2122 1043 2137 nu·
1056 2086 1064 2158 Ι
1084 2113 1118 2137 rifi
1126 2113 1248 2144 Pompeii.

367 2150 434 2165 mero
450 2145 502 2171 548.
515 2144 588 2167 Illum
597 2163 602 2171 ,
615 2153 628 2168 a
641 2146 706 2168 Patre
715 2145 830 2171 Conrado
845 2147 975 2180 Janningo,
987 2149 1041 2172 Soc.
1108 2148 1197 2171 DIVU
1206 2149 1221 2171 S
1239 2148 1262 2171 O
1271 2146 1488 2170 CTAVIANUS
1500 2144 1620 2176 Augustus
1632 2144 1687 2175 imp.
1700 2151 1759 2167 ann.

366 2175 419 2198 Jesu
430 2193 436 2203 ,
450 2177 508 2200 olim
526 2178 680 2210 descriptum,
697 2187 725 2202 ex
742 2182 790 2209 ejus
800 2182 940 2212 apographo
956 2180 994 2205 hic
1007 2191 1041 2205 re-
1082 2190 1135 2205 Lvr.
1148 2191 1179 2205 rn.
1192 2190 1241 2205 1111.
1253 2181 1277 2204 d.
1291 2189 1362 2204 vnn.
1373 2181 1454 2212 Cong.
1472 2179 1524 2202 ded.
1537 2186 1571 2201 ter
1588 2187 1604 2201 Α
1622 2186 1724 2201 ccccxxx
1736 2186 1759 2201 s.

365 2208 439 2232 feram
457 2228 462 2237 ,
483 2211 547 2243 quod
560 2230 564 2238 ‚
586 2220 666 2243 praeter
683 2215 806 2245 congiaria
819 2232 824 2241 ,
844 2216 945 2245 plutima
964 2215 1039 2240 adhuc
1082 2217 1137 2239 Hoc
1150 2217 1208 2247 imp.
1218 2215 1283 2239 Πανὶ
1295 2213 1459 2238 Alexandrina
1472 2214 1548 2243 prima
1560 2213 1583 2235 in
1596 2220 1693 2243 portum
1705 2211 1757 2235 Ro-

364 2243 483 2267 Romanae
498 2247 644 2277 antiquitatis
657 2265 662 2273 ,
676 2247 711 2270 vel
726 2248 750 2270 in
770 2248 809 2271 sua
830 2248 930 2272 ruditate
953 2250 1038 2273 barba·
1080 2258 1179 2273 manum
1190 2249 1299 2273 introivit
1311 2249 1411 2272 nomine
1422 2248 1509 2270 Acams
1524 2264 1530 2273 ,
1551 2253 1604 2278 quae
1615 2245 1695 2268 attulit
1705 2244 1756 2267 fru-

363 2277 459 2309 xieque,
472 2286 542 2311 atque
556 2281 626 2303 eriam
643 2281 696 2305 suos
708 2282 769 2304 inter
785 2291 873 2306 errores
884 2283 977 2308 erudito
989 2285 1039 2308 cui·
1079 2285 1154 2307 menti
1173 2283 1267 2307 modios
1279 2291 1339 2305 cccc
1349 2299 1355 2308 ,
1371 2282 1474 2304 vectores
1486 2289 1536 2303 mcc
1546 2298 1552 2306 ‚
1567 2280 1631 2310 piper
1646 2296 1652 2305 ‚
1671 2279 1756 2301 lintea-

364 2319 410 2343 que
421 2311 487 2335 facile
501 2314 600 2340 obvios,
613 2315 743 2338 contineat.
1079 2326 1133 2341 men
1145 2335 1151 2344 ,
1174 2325 1237 2340 carta
1253 2333 1259 2343 ,
1279 2316 1347 2339 vitria
1361 2332 1367 2341 ,
1389 2317 1412 2338 ἃ
1433 2315 1568 2345 opoliscum
1589 2320 1643 2336 cum
1657 2311 1696 2335 sui
1714 2311 1756 2335 fibi

490 2346 670 2371 IMPERIA
693 2349 892 2374 CAESARUM.
1078 2352 1144 2378 base,
1167 2351 1208 2383 qui
1229 2350 1260 2373 est
1282 2351 1307 2373 in
1329 2350 1401 2372 Circo
1425 2349 1532 2373 maximo
1553 2365 1560 2375 ,
1589 2346 1665 2370 altum
1685 2345 1755 2378 pedes

394 2378 423 2403 C·
441 2379 577 2406 JULIUS
597 2382 896 2415 Caesatimpexavitannos
909 2394 955 2414 ιιι,
969 2393 1037 2410 men·
1075 2393 1191 2411 Lxxxvn
1210 2392 1230 2408 ⁵·
1250 2383 1351 2408 Exceffit
1368 2382 1440 2407 Noli-
