1952 2708
381 141 462 178 162
658 132 706 170 C.
773 129 1178 171 CORNELII
1242 128 1536 172 TACITI

370 216 579 269 adsignata:
609 212 731 253 etiam
771 210 955 253 domibus
986 212 1204 252 inimicitia:
1235 217 1245 234 ¹
1265 242 1277 263 ,
1308 213 1405 253 hinc
1440 218 1654 268 procerum
1683 212 1765 253 fac-w

369 281 531 327 tiones,
564 280 604 317 ὅ(
639 275 781 317 affidua
814 275 968 318 senatus
1001 276 1186 317 adversus
1214 274 1375 332 plebem
1407 276 1646 317 certamina:
1676 290 1760 329 quae

371 338 525 395 singula
555 339 623 381 etsi
649 338 916 380 distrahebant
941 338 1260 395 rempublicam,
1288 338 1530 380 exercebant
1554 352 1690 379 tamen
1717 338 1762 378 il-=

370 404 504 445 lorum
528 417 755 459 temporum
781 402 1080 457 eloquentiam,
1109 406 1149 443 &
1179 403 1333 456 magnis
1364 400 1568 442 cumulare
1593 403 1762 457 praemiis

372 467 642 509 videbantur:
668 468 759 521 quia
784 469 933 521 quanto
959 466 1122 520 quisque
1151 464 1239 521 plus
1263 464 1438 505 dicendo
1465 477 1649 520 poterat,
1675 478 1764 505 tan-

373 534 419 573 to
440 530 596 572 facilius
619 532 791 571 honores
811 529 1123 584 adsequebatur3
1150 531 1264 569 tanto
1289 529 1414 583 magis
1429 557 1442 578 ‚
1465 529 1506 568 in
1528 527 1616 584 ipsis
1636 530 1764 569 hono-

375 594 513 645 ribus,
539 593 717 650 collegas
747 594 836 634 suos
873 592 1078 640 anteibat3
1107 595 1221 633 tanto
1255 591 1345 648 plus
1377 591 1481 647 apud
1513 592 1714 647 principes
1749 595 1765 612 ²

375 659 509 713 gratiae
526 687 538 708 ,
566 657 653 714 plus
680 658 920 698 auetoritatis
950 656 1054 712 apud
1079 670 1235 712 patres,
1264 655 1353 712 plus
1379 655 1530 695 notitiae
1560 670 1606 695 ac
1634 655 1768 695 nomi-

375 723 436 762 nis
457 721 560 778 apud
584 719 742 776 plebem
763 720 924 776 parabat
943 737 951 760 :
971 721 1012 760 hi
1033 719 1233 762 clientelis
1252 721 1373 760 etiam
1393 731 1619 759 exterarum
1639 719 1764 759 natio-

376 800 474 825 num
502 790 512 813 ³
545 782 820 824 redundabant
844 800 851 823 :
882 785 955 824 hos
988 785 1081 824 ituri
1108 785 1149 824 in
1175 783 1402 840 provincias
1428 783 1674 837 magistratus
1700 796 1763 822 re-

374 847 639 897 verebantur,
670 848 744 887 hos
771 847 913 888 reversi
939 846 1156 888 colebant:
1177 850 1250 888 hos
1279 850 1319 887 &
1349 860 1521 902 praeturae
1550 849 1590 886 &
1619 845 1766 886 consu·

375 909 479 952 latus
504 924 650 951 vocare
675 909 783 951 ultro
809 910 1047 952 videbantur
1068 928 1076 950 z
1097 912 1139 952 hi
1162 926 1212 952 ne
1234 911 1378 967 privati
1405 909 1566 964 quidem
1592 908 1671 949 fine
1693 923 1768 965 po·-

373 976 510 1015 testate
535 986 673 1025 erant,
702 976 794 1015 cum
820 978 861 1015 ὅ(
884 973 1079 1031 populum
1097 1004 1109 1025 ,
1141 979 1182 1016 &c
1204 975 1384 1015 senatum
1409 970 1575 1014 consilio
1605 976 1645 1012 δε
1670 987 1769 1012 auc-

373 1039 538 1078 toritate
562 1051 748 1093 regerent
770 1054 777 1078 :
806 1039 1029 1092 quinimmo
1048 1037 1118 1078 fibi
1139 1038 1210 1094 ipfi
1233 1037 1504 1094 persuaserant
1518 1066 1531 1088 ,
1561 1036 1766 1076 neminem

372 1101 453 1141 sine
482 1099 712 1155 eloquentia
737 1114 804 1142 aut
831 1101 991 1156 adsequi
1017 1101 1125 1158 poffe
1148 1103 1189 1142 in
1217 1102 1380 1142 civitate
1396 1130 1409 1151 ,
1431 1113 1498 1142 aut
1522 1100 1624 1141 tueri
1647 1098 1765 1140 cons—

372 1165 540 1220 picuum
567 1169 607 1205 &
634 1165 880 1205 eminentem
905 1164 1045 1206 locum
1067 1179 1075 1202 ε
1099 1179 1175 1207 nec
1195 1165 1364 1215 mirum,
1389 1166 1481 1205 cum
1507 1164 1626 1204 etiam
1647 1162 1767 1202 inviti

373 1228 422 1267 ad
449 1226 646 1283 populum
673 1228 990 1284 producerentur
1012 1246 1019 1268 :
1045 1231 1136 1269 cum
1163 1243 1303 1284 parum
1329 1227 1424 1268 esset
1450 1229 1491 1267 in
1517 1227 1654 1267 senatu
1678 1224 1770 1266 bre-

373 1291 479 1331 viter
520 1291 680 1331 censere
700 1320 714 1340 ‚
753 1292 823 1331 nisi
851 1293 919 1345 qui
945 1297 964 1320 4
995 1293 1162 1346 ingenio
1195 1295 1236 1332 δε
1264 1288 1495 1344 eloquentia
1527 1289 1768 1330 sententiam

374 1354 485 1393 suam
511 1366 689 1394 tueretur
710 1370 717 1393 :
743 1357 834 1394 cum
859 1355 900 1394 in
926 1353 1098 1407 aliquam
1119 1354 1312 1394 invidiam
1337 1366 1405 1394 aut
1427 1354 1580 1394 crimen
1604 1352 1768 1401 vocati,

375 1414 443 1455 sua
470 1431 573 1456 voce
598 1416 921 1472 respondendum
948 1416 1168 1467 haberent,
1199 1419 1292 1457 cum
1316 1417 1542 1456 testimonia
1568 1420 1580 1446 5
1607 1428 1766 1468 quoque

374 1479 416 1518 in
444 1477 617 1534 publicis
643 1478 660 1500 ⁶
683 1494 766 1519 non
801 1479 981 1521 absentes
997 1509 1010 1531 ,
1039 1495 1115 1521 nec
1141 1494 1211 1536 per
1235 1478 1425 1520 tabellam
1451 1478 1542 1519 dare
1558 1507 1571 1528 ,
1599 1477 1667 1518 sed
1695 1492 1767 1518 co-

374 1540 459 1581 ram
489 1545 528 1582 ὃς
559 1541 770 1597 praesentes
797 1543 930 1584 dicere
959 1556 1212 1598 cogerentur.
1237 1543 1298 1584 Ita
1323 1542 1372 1583 ad
1398 1542 1551 1582 summa
1579 1538 1770 1594 eloquen-

373 1606 436 1645 tiae
457 1606 615 1661 praemia
639 1621 785 1663 magna
804 1607 923 1648 etiam
947 1607 1149 1648 neceffitas
1169 1604 1413 1658 accedebat,
1442 1609 1483 1646 ὅ(
1503 1603 1718 1646 commoda
1737 1608 1772 1646 ⁷0

1094 1750 1139 1780 his
1170 1749 1355 1781 testimoniis
1379 1747 1592 1786 Quintilianus
1613 1770 1622 1783 ‚
1647 1745 1768 1784 Instirur.

1096 1790 1178 1820 Orat.
1213 1792 1239 1820 V
1250 1813 1259 1826 ‚
1290 1800 1319 1827 7.
1356 1787 1501 1819 Maximus
1525 1795 1615 1815 tamen
1639 1784 1768 1821 patronis

379 1837 585 1867 praepotentes
596 1829 718 1860 domus.
1094 1829 1167 1858 circa
1187 1828 1337 1868 testimonia
1350 1826 1434 1866 μαῖον
1449 1825 1492 1865 est.
1510 1825 1554 1854 Ea
1566 1824 1693 1854 dicuntur
1717 1831 1768 1852 aut

420 1873 431 1886 ²
454 1870 542 1898 Aput>
566 1870 751 1906 r’RmcffEs]
788 1868 837 1900 Sic
869 1870 949 1900 infra
987 1880 1051 1909 cap.
1089 1878 1138 1906 per
1161 1867 1293 1904 tabulas,
1319 1876 1366 1896 aut
1380 1865 1595 1903 apraessmibus.
1609 1862 1768 1900 Simplicior

378 1917 419 1943 40
434 1930 443 1943 ‚
460 1909 490 1937 P·
507 1907 611 1947 Scipio
625 1931 633 1943 ‚
656 1909 741 1946 Sylla
753 1932 762 1945 ,
778 1909 960 1949 Pompeius,
972 1910 1052 1946 prin*v
1073 1893 1078 1949 Ι
1094 1916 1189 1945 {ugera
1204 1906 1313 1936 tabulas
1321 1915 1426 1946 pugna.
1439 1905 1545 1935 Minor
1559 1903 1644 1934 enim
1654 1903 1766 1942 pudor,

378 1947 452 1982 sil'es
472 1947 524 1975 riri
545 1947 747 1986 appellantur.
1073 1951 1077 1960 ⁴
1101 1973 1111 1985 ,ξ
1140 1946 1144 1949 ’
1167 1957 1192 1976 v0
1207 1945 1360 1985 diffidentid
1384 1945 1515 1982 premitur
1545 1942 1666 1982 absentia
1683 1964 1690 1972 .
1707 1964 1714 1971 .
1736 1963 1768 1972 ..

420 1991 429 2011 3
460 1987 665 2017 EXTERARUM
700 1998 864 2018 NAT10NUM
885 1992 896 2023 ]
928 1988 1025 2018 Urbes
1044 2012 1054 2024 ,
1094 1987 1159 2016 ζων
1188 1985 1353 2025 ·raesenribus
1364 1984 1427 2014 v'erd
1444 1984 1544 2023 ingens
1557 1981 1696 2012 dimicatio
1713 1980 1766 2020 est,

378 2025 551 2061 provinciae
563 2050 570 2062 ‚
593 2026 736 2057 nationes
759 2036 888 2063 exterae,
904 2036 1053 2066 patronos
1094 2061 1099 2065 .
1114 2054 1127 2058 ,γ
1138 2024 1200 2066 Ἲιὶε
1217 2024 1291 2055 velut
1302 2024 1403 2062 duplici
1418 2033 1513 2053 contra
1528 2033 1572 2052 eos
1587 2046 1597 2060 ,
1610 2031 1709 2060 proque
1723 2020 1766 2049 his

379 2064 449 2093 suos
463 2065 568 2095 Romae
584 2065 752 2096 habebant.
774 2067 958 2106 Exemplum
975 2067 1054 2098 vidi·
1093 2066 1152 2096 acie
1171 2065 1326 2105 confligitur
1345 2088 1355 2102 ,
1385 2063 1518 2094 afflonum
1530 2086 1540 2101 ,
1560 2061 1590 2092 Er
1611 2062 1766 2100 interroga-

378 1749 530 1788 peratoris
554 1749 660 1780 laudes
686 1749 809 1782 referas.

419 1794 427 1808 ¹
452 1789 601 1819 Domssus
619 1801 799 1821 1N1M1c1T1AE
816 1795 829 1826 ]
850 1791 933 1829 Quia
949 1791 1054 1823 invisae

378 2112 446 2132 mus
467 2103 552 2142 supra
563 2115 630 2144 pag.
649 2114 792 2136 121.n0t.
812 2117 839 2144 3.
1092 2106 1204 2143 εἱοζωη.
1682 2138 1689 2144 .

419 2147 433 2165 ⁴
456 2143 526 2173 N¹SI
544 2146 619 2181 QU1]
638 2146 877 2176 Emendandum
891 2169 900 2184 ‚
914 2145 966 2185 nlfi'
976 2145 1051 2185 φὶς,-
1131 2148 1144 2164 ῡ
1166 2146 1200 2175 ΙΝ
1221 2155 1358 2176 ΡυΒιιςιε
1376 2148 1388 2179 ]
1417 2142 1600 2180 Rodorphuz·
1618 2137 1765 2172 Auricola

378 2188 414 2211 ut
426 2184 505 2212 reete
523 2185 687 2215 annotavit
704 2184 832 2223 Lipsius.
1093 2185 1211 2224 supplet
1230 2208 1240 2221 ‚
1266 2185 1295 2214 in
1315 2182 1433 2220 publicis
1462 2181 1580 2220 judiciis
1627 2182 1632 2213 ξ
1678 2177 1765 2215 ‚estus

398 2259 405 2265 ·
421 2226 429 2248 5
454 2222 657 2265 Trsrmonm
673 2226 686 2262 ]
710 2225 799 2254 Tunc
813 2234 886 2263 ergo
902 2225 934 2254 in
951 2225 1053 2264 publi·
1092 2225 1237 2255 emendat
1250 2247 1260 2259 ,
1279 2224 1307 2252 in
1315 2221 1439 2261 judiciis.
1623 2221 1633 2225 “
1648 2226 1650 2229 ·
1741 2254 1749 2260 ·

377 2269 423 2290 Cis
452 2261 575 2297 judiciis
602 2273 669 2292 non
689 2263 828 2294 absentes
856 2274 915 2294 nec
938 2275 991 2304 per
1010 2274 1054 2296 ta-
1130 2270 1143 2290 7
1164 2264 1209 2292 ET
1229 2261 1418 2296 commones]
1441 2260 1512 2289 Haec
1526 2257 1699 2289 redundare
1716 2264 1764 2285 vr·

377 2299 493 2329 bellam
507 2300 684 2332 testimonia
699 2303 790 2339 dare,
817 2303 868 2333 sed
889 2314 993 2334 coram
1018 2305 1052 2335 δε
1091 2304 1211 2332 dentur.
1236 2301 1278 2330 Ni
1292 2300 1373 2331 forte
1396 2299 1432 2329 fit
1446 2297 1693 2332 emendandum,
1713 2303 1764 2322 nec

377 2338 536 2375 praesentes
563 2339 665 2370 dicere
694 2343 894 2380 cogebantur.
927 2346 1000 2380 Quo
1018 2343 1051 2372 in
1089 2340 1163 2369 mods)
1184 2340 1309 2378 disertum
1320 2339 1433 2375 haberi,
1454 2339 1516 2369 &c.
1526 2337 1605 2369 Vide
1618 2334 1763 2367 Notas&

375 2377 429 2408 usu
448 2378 615 2417 plurimum
637 2380 761 2412 valebat
789 2382 984 2421 eloquentia.
1001 2382 1049 2413 De
1088 2379 1332 2412 Emendationes
1353 2379 1392 2410 ad
1404 2387 1468 2417 cap.
1483 2380 1530 2415 36.

1796 795 1855 824 10*

1795 1426 1850 1452 20
