1952 2708
132 521 157 567 5

107 838 158 866 10

110 1151 156 1191 15

102 1467 159 1495 20

638 168 1173 218 AGRICOLA.
1512 189 1574 227 99

188 263 265 304 'naj
291 257 332 295 δε
356 265 556 294 armorum
576 249 754 306 fulgores
770 280 783 301 ,
808 250 1071 291 audentissimi
1096 251 1286 306 cujusque
1312 254 1504 310 procursu
1535 261 1574 297 ¹:

187 315 300 358 fimul
327 314 617 356 instruebantur
643 316 770 356 acies:
801 315 891 355 cum
921 312 1144 368 Agricola,
1174 329 1413 369 quamquam
1439 318 1575 362 laetum

185 384 227 422 ὃ(
247 380 315 420 vix
335 380 593 420 munimentis
614 381 837 421 coercitum
857 376 1026 418 militem
1046 377 1348 419 accendendum
1370 381 1499 423 adhuc
1518 398 1574 424 ra-

185 455 277 493 tus,
304 445 360 484 ita
383 443 582 484 differuit:
611 459 633 480 «
671 443 847 484 Ottavus
879 456 1005 483 annus
1042 442 1121 491 est,
1157 440 1455 483 commilitones
1473 473 1484 492 ‚
1522 460 1573 487 ex

186 522 208 543 »
219 521 299 560 quo
324 508 473 547 virtute
507 511 547 547 ὃς
576 505 761 562 auspiciis
793 507 951 562 imperii
979 505 1186 555 Romani,
1214 504 1290 545 fide
1312 520 1428 559 atque
1453 507 1576 562 opera.

185 567 342 610 »vestrss
366 570 614 611 Britanniam
642 571 811 611 vicistis:
836 583 898 611 tot
922 567 1247 625 expeditionibus
1262 598 1276 618 ‚
1302 581 1364 608 tot
1389 568 1540 623 proeliis
1559 599 1575 621 ,

185 632 286 673 »seu
302 633 538 674 fortitudine
560 633 744 676 adversus
767 634 917 682 hostes,
942 633 1009 673 seu
1030 630 1221 688 patientia
1241 646 1287 672 ac
1307 630 1443 672 labore
1466 647 1576 686 paene

187 696 404 738 »adversus
429 697 553 753 ipsam
579 712 711 738 rerum
746 711 926 738 naturam
955 710 1056 752 opus
1089 695 1191 746 fuit,
1222 709 1353 749 neque
1381 709 1443 734 me
1468 694 1576 734 mili-

187 772 304 800 »tum
321 789 333 810 ,
360 775 489 814 neque
514 775 585 801 vos
611 760 722 801 ducis
748 761 940 817 paenituit.
966 759 1077 814 Ergo
1099 758 1263 813 egresti,
1289 772 1367 812 ego
1392 770 1575 798 veterum

186 821 443 877 »legatorum
457 852 470 873 ,
497 838 570 864 vos
589 825 766 879 priorum
792 824 1042 864 exercituum
1065 823 1258 864 terminos
1285 825 1297 842 ²
1311 851 1324 872 ,
1347 821 1467 861 finem
1488 820 1577 860 Bri-

185 887 359 926 »tanniae
376 916 388 936 ,
416 902 498 927 non
522 886 653 937 fama,
680 903 756 928 nee
778 901 965 936 rumore,
992 886 1058 926 sed
1085 887 1215 927 castris
1251 889 1289 926 &
1320 885 1436 925 armis
1461 896 1577 924 tene-

186 964 208 986 »
220 964 318 990 mus.
340 949 511 990 Inventa
530 950 761 1000 Britannia,
788 954 829 991 ὃς
849 949 1017 990 suba'eta.
1041 948 1239 1003 Equidem
1265 947 1363 1004 saepe
1390 949 1431 987 in
1455 948 1576 1002 agmi-

185 1027 296 1061 »ne‚
325 1015 416 1053 cum
453 1027 525 1053 vos
564 1012 754 1069 paludes,
784 1013 1022 1063 montesve,
1065 1017 1104 1053 ὅ(
1140 1013 1305 1052 flumina
1329 1011 1542 1065 fatigarent
1561 1039 1576 1060 ,

186 1090 208 1111 »
219 1074 415 1115 fortissimi
442 1074 632 1130 cujusque
656 1092 778 1118 voces
801 1075 1011 1118 audiebam
1029 1105 1040 1125 ‚
1067 1075 1226 1130 quando
1251 1074 1409 1115 dabitur
1432 1074 1576 1122 hostis,

187 1154 209 1173 >1
220 1139 378 1191 quando
399 1140 531 1180 acies?
560 1141 743 1181 Veniunt
768 1155 789 1180 e
814 1139 973 1180 latebris
1002 1139 1078 1178 suis
1103 1138 1273 1178 extrusi:
1307 1142 1347 1178 &
1376 1151 1470 1178 vota
1494 1137 1577 1176 vir-

188 1202 360 1255 »tusque
384 1204 425 1242 in
447 1216 586 1258 aperto
602 1233 614 1253 ,
638 1205 850 1256 omniaque
875 1216 1000 1257 prona
1022 1200 1237 1241 vi'cTtoribus
1253 1231 1265 1250 ,
1296 1214 1413 1254 atque
1436 1199 1576 1240 eadem

187 1266 331 1305 »viffis
353 1266 526 1306 adversa.
553 1268 661 1306 Nam
684 1279 728 1306 ut
751 1264 942 1320 superasse
966 1276 1122 1305 tantum
1148 1265 1300 1304 itineris
1318 1293 1330 1313 ‚
1357 1262 1469 1303 sllvas
1490 1278 1578 1303 eva-

188 1327 327 1376 »s1ffe‚
357 1328 527 1368 transisse
548 1330 739 1379 aestuaria,
759 1327 974 1384 pulchrum
997 1343 1042 1368 ac
1065 1327 1257 1368 decorum
1280 1328 1318 1365 in
1340 1326 1513 1366 frontem
1537 1330 1577 1372 ³3

186 1390 273 1430 »ita
293 1390 538 1446 fugientibus
558 1391 899 1449 periculofiffima,
920 1406 1003 1445 quae
1019 1391 1139 1431 hodie
1161 1389 1425 1446 prosperrima
1442 1388 1531 1428 sunt
1545 1393 1577 1428 4.

186 1455 364 1508 »Neque
389 1457 497 1495 enim
518 1455 631 1497 nobis
652 1470 719 1497 aut
739 1454 924 1496 locorum
943 1455 1083 1495 eadem
1103 1455 1269 1502 notitia,
1293 1465 1360 1493 aut
1380 1466 1578 1492 commea-

187 1530 333 1556 »tuum
362 1518 501 1558 eadem
541 1519 804 1559 abundantia:
828 1519 895 1559 sed
922 1521 1140 1567 manus‚&
1168 1532 1274 1557 arma
1292 1521 1303 1546 5
1324 1545 1335 1565 ,
1367 1519 1406 1554 ὅ(
1436 1516 1477 1554 in
1514 1515 1576 1555 his

186 1595 209 1617 ³>
221 1581 367 1621 omnia.
389 1581 514 1636 Quod
534 1582 583 1623 ad
603 1596 666 1622 me
689 1583 830 1622 attinet
846 1612 858 1631 ‚
884 1579 962 1633 jam
984 1581 1137 1637 pridem
1157 1581 1256 1619 mihi
1277 1579 1482 1619 decretum
1503 1578 1577 1627 est,

186 1657 349 1695 »neque
371 1646 595 1696 exercitus,
623 1660 751 1699 neque
772 1645 885 1686 ducis
906 1658 1018 1699 terga
1037 1658 1122 1685 tuta
1142 1643 1230 1684 esse.
1251 1641 1423 1684 Proinde
1445 1644 1483 1680 ὃ(
1508 1641 1579 1680 ho-

187 1707 325 1746 >›nesta
346 1722 450 1748 mors
476 1709 581 1764 turpi
604 1706 688 1748 vitfi
714 1709 875 1764 potior3
908 1712 947 1748 ὅ(
971 1706 1228 1748 incolumitas
1251 1722 1296 1747 ac
1322 1705 1443 1745 decus
1461 1733 1473 1753 ‚
1506 1718 1577 1743 eo-

188 1768 311 1809 »dem
336 1768 432 1811 loco
455 1771 522 1812 fita
546 1771 659 1812 sunt:
688 1786 764 1813 nec
791 1770 1010 1827 inglorium
1037 1771 1180 1821 fuerit,
1207 1770 1247 1810 in
1271 1769 1357 1826 ipso
1381 1780 1578 1808 terrarum

186 1847 209 1868 >2
220 1846 266 1873 ac
291 1846 435 1874 naturae
449 1835 528 1875 fine
545 1834 729 1876 cecidisse
744 1852 764 1872 »
776 1866 786 1877 .

231 1987 239 2001 ¹
265 1984 452 2021 Pnocunsu]
473 1985 649 2025 Fulgebant
667 1995 767 2022 arma,
788 1986 859 2017 cum

189 2022 417 2053 audentissimus
434 2024 562 2065 quisque
581 2025 615 2055 in
631 2035 764 2065 pugnam
783 2037 859 2065 pro-

188 2071 333 2094 curreret.

229 2103 239 2116 ²
262 2103 410 2132 Pmomm
441 2113 645 2134 Exnncxruum
669 2106 858 2141 TERMlNos]

188 2141 315 2171 Veteres
340 2141 431 2178 legati
448 2144 481 2172 ὃ(
503 2142 618 2180 priores
646 2143 798 2173 exercitus
828 2143 861 2172 in

897 1984 958 2015 veri
982 1984 1044 2014 boni
1063 1984 1141 2025 inest}
1154 1996 1163 2013 .-
1177 1984 1239 2023 quin
1254 1981 1352 2013 inania
1366 1979 1518 2025 erspecz'ofh
1544 1988 1578 2023 af:

900 2024 1041 2061 deceptum
1051 2024 1118 2062 fuco
1136 2023 1287 2054 circumlita
1303 2022 1395 2050 invent
1413 2043 1423 2057 ‚
1445 2022 1521 2049 intra
1531 2028 1576 2048 nz-

900 2064 938 2093 hil
955 2064 1084 2092 habentia
1095 2060 1351 2102 fromifiiaefimile.
1500 2097 1505 2102 ·

940 2108 955 2126 4
975 2104 1080 2133 Homw
1105 2113 1318 2134 pnospamuma
1341 2110 1417 2131 sum·
1437 2103 1447 2133 ]
1478 2097 1578 2129 Silvas

902 2142 985 2172 enirn
1000 2141 1140 2176 evasisse,
1163 2140 1293 2171 tranfiss'e
1314 2139 1445 2170 aestuaria
1465 2162 1473 2172 ‚
1504 2146 1577 2167 tan—

187 2179 349 2210 Britannis
364 2182 567 2212 bellaverant.
579 2184 619 2212 At
630 2182 774 2221 Agricola
787 2182 862 2218 ejus-

188 2229 249 2257 que
278 2221 429 2250 exercitus
448 2244 456 2256 ,
481 2220 536 2251 hos
559 2221 710 2252 terminos
733 2221 835 2260 egressi
852 2245 861 2258 ‚

189 2259 398 2290 Caledoniam
420 2262 581 2291 tenebant.

230 2303 239 2323 ³
265 2299 297 2327 ΙΝ
321 2301 496 2337 FRouTEM]
518 2303 553 2329 In
572 2299 704 2337 speciem
721 2298 862 2330 :Gallice

191 2344 224 2363 en
246 2345 405 2371 apparente.
439 2339 488 2370 Sic
508 2341 648 2375 Seneca,
667 2338 797 2369 ConsoL
825 2338 862 2368 ad

192 2374 337 2406 Helviam
360 2401 368 2413 ‚
400 2388 464 2416 cap.
494 2389 521 2418 5.
545 2378 640 2416 Iraque
671 2388 719 2417 ego
740 2377 862 2412 inillis,

191 2423 250 2452 quae
263 2424 353 2445 omnes
369 2426 464 2455 optant
475 2439 485 2458 ,
501 2416 763 2459 existimavisemper
774 2441 785 2456 ,
795 2416 864 2447 nihil

902 2190 968 2212 tum
983 2181 1101 2212 itineris
1120 2180 1265 2218 superaffe
1285 2179 1380 2210 hodie
1405 2176 1577 2221 prosperri-

902 2232 986 2251 mum
998 2221 1037 2251 est
1055 2232 1061 2249 ε
1078 2221 1128 2251 sed
1145 2221 1165 2251 fi
1180 2219 1485 2259 fugiebantRomam
1498 2240 1507 2253 ‚
1524 2226 1578 2254 pe-

902 2260 1147 2291 riculofiffimum
1161 2268 1235 2290 erat.

946 2305 954 2327 5
978 2302 1039 2330 Sto
1063 2310 1163 2330 MANUS
1178 2323 1186 2334 ,
1207 2310 1243 2329 ET
1266 2298 1382 2334 ARMA]
1412 2297 1462 2327 Sic
1480 2294 1578 2324 ferme

904 2339 1034 2374 Livius,
1051 2341 1088 2375 V,
1115 2351 1164 2376 42.
1188 2338 1274 2367 Arma
1297 2338 1402 2366 tantum
1425 2336 1579 2372 ferrumque

903 2379 929 2407 in
953 2378 1058 2407 dextris
1071 2401 1080 2415 ‚
1101 2378 1262 2418 velutffilas
1286 2376 1416 2416 reliquias
1425 2372 1552 2415 fiveifitae
1566 2391 1578 2408 2

903 2427 1050 2450 intuentes.

1280 2478 1322 2517 Ν
1357 2472 1384 2526 ij
