1952 2708
256 195 344 237 AD
390 192 753 235 DIALOGUM
787 190 872 231 DE
907 191 1351 235 ORATORIBUS.
1431 207 1517 244 249

180 275 218 310 Sr
245 283 327 308 NON
358 281 584 312 UNIVERSAE‚
617 280 668 304 AT
695 279 840 304 PARTES
870 279 1005 302 ΕΑΒ-ΠΜ
1029 271 1047 312 ]
1080 267 1156 305 Mss.
1180 270 1296 307 Varie.
1318 274 1350 307 Si
1371 272 1521 308 universa

124 335 219 370 parte
235 323 342 368 firum
367 324 399 354 in
430 322 539 368 quibus
563 321 629 354 δίε.
655 317 843 353 Editiones
868 327 1004 352 veteres
1019 343 1028 359 ‚
1048 316 1083 362 fi
1106 320 1139 351 in
1169 321 1316 354 univer-sd
1340 334 1432 366 parte
1446 323 1520 370 fec..

129 384 210 408 tum.
239 369 436 406 Beroaldus
461 372 494 405 ὃς
523 368 583 404 alii
600 396 610 410 ,
632 368 771 415 facium.
789 365 1011 402 Emendabat
1029 365 1176 401 Modius
1190 394 1199 409 ‚
1213 367 1248 413 fi
1263 381 1323 402 non
1343 374 1493 418 univerfir
1507 400 1519 416 ,

123 434 184 468 per
210 433 316 466 partes
344 432 496 455 attamen.
524 417 657 454 Melius
687 417 896 459 Acidalius,
914 416 947 461 Ji
972 428 1032 450 nott
1063 417 1234 462 universae,
1268 429 1302 452 at
1329 431 1436 464 partes
1465 436 1521 456 ea-

129 484 225 512 rum3
254 469 354 519 quod
378 471 449 517 jam
475 468 610 516 recepit
640 467 770 504 Editor
794 465 1021 502 Oxonienfis.

178 519 328 555 SorzDEs
358 531 494 555 AUTEM
525 530 736 554 VERBORUM
759 521 776 562 ]
812 517 877 552 Ms.
900 515 1018 551 Varie.
1041 517 1143 563 4498
1161 543 1170 558 ,
1191 516 1300 562 sordes
1324 530 1429 553 antem
1454 521 1520 556 illie

129 571 308 606 verborum.
334 569 377 604 In
401 568 562 604 editione
589 567 751 615 principe
771 595 781 610 ‚
801 567 908 613 sordes
932 578 1036 600 autem
1052 566 1088 600 ἐπ’
1113 567 1290 600 verborum.

180 620 228 655 IN
256 630 510 660 ELOQUENTIA
540 629 746 653 EFFECERIT
771 620 787 661 ]
818 616 871 652 lta
900 614 977 650 Mff.
1004 614 1120 650 Vatic.
1152 617 1185 650 <Sc
1212 614 1389 651 editiones
1422 628 1520 654 vete—

130 682 196 706 reS.
219 668 416 704 Beroaldus
433 667 549 704 omisit
568 666 870 715 prccpolitionem.
890 664 998 701 Unde
1010 663 1137 700 illustr.
1158 664 1315 700 Huetius
1335 667 1494 702 tentabat
1508 693 1519 710 ‚

131 719 311 766 eloqttentid
336 718 508 765 efficlserit,
541 717 598 752 vel
629 719 810 765 eloquentiae
827 716 996 762 suffecerit.

180 768 504 804 MAGNrTumNEM
534 778 838 803 c0G1TATroNUM
856 769 872 811 ]
903 766 943 800 ln
961 764 1142 801 veteribus
1159 765 1522 814 editionibusfflagni-

131 819 272 854 tudinem
299 821 497 866 cognitionis.
525 816 569 852 In
593 815 852 853 recentioribus
880 816 970 851 reste
1001 815 1225 850 emendatum
1242 843 1250 858 ‚
1282 819 1520 864 cogitationum.

131 868 192 904 sic
216 867 375 905 Velleius
401 866 606 903 Paterculus
632 866 667 902 II
683 895 692 908 ‚
716 878 780 913 4¹-
822 867 907 907 Hic,
934 864 1046 901 Julius
1068 865 1210 906 Caesar,
1237 869 1341 900 animo
1354 867 1451 912 super
1470 867 1525 900 hu-

131 930 263 953 manam
287 919 323 952 ἔπ’
346 929 495 952 naturam
521 918 557 952 {J
573 916 677 963 fidem
702 917 824 950 eveffltcs
841 943 850 957 ‚
878 915 1097 962 magnitudine
1123 918 1350 962 cogitationum
1366 943 1374 958 ‚
1407 917 1521 950 celeri-

132 979 199 1005 tate
222 967 417 1003 bellandi...
453 979 567 1014 magno
593 967 644 1001 illi
674 966 862 1000 Alexandro
878 994 886 1006 ‚
916 965 973 1011 βά
1001 966 1108 1011 sobrio
1124 990 1134 1007 ‚
1161 978 1254 1013 neque
1276 965 1426 1001 iracundo
1442 993 1453 1010 ‚
1470 965 1523 1014 st-

132 1018 300 1055 millimus.

181 1066 467 1102 LENTITUDINIS
496 1077 543 1102 AC
572 1076 732 1101 TEPORIS
755 1069 772 1111 ]
804 1065 901 1100 Bene
930 1063 1063 1111 Lipsius
1082 1067 1114 1100 ὃ(
1133 1063 1376 1101 RecentioreS.
1398 1063 1440 1100 In
1460 1077 1524 1100 ve-

132 1116 268 1153 teribus
298 1115 519 1152 editionibus
538 1146 545 1157 ,
581 1119 737 1161 temporis.
771 1114 879 1150 Unde
903 1113 1063 1149 Sclielius
1089 1114 1307 1159 conjiciebat
1324 1143 1333 1157 ‚
1363 1118 1525 1160 torpor-im

134 1165 234 1216 quod
262 1176 443 1214 receptum
471 1166 506 1200 in
531 1165 692 1201 editione
716 1163 926 1200 Oxonienfi.
950 1163 1085 1198 Plinius
1118 1163 1248 1207 XVII,
1276 1177 1349 1213 24,
1377 1163 1420 1200 de
1448 1176 1526 1200 eru-

136 1217 187 1253 cis
214 1216 304 1251 dixit
325 1229 333 1251 :
357 1216 508 1262 Nascitur
529 1216 584 1249 lzoc
606 1217 725 1250 malum
750 1226 852 1260 tepore
876 1214 1001 1247 humido
1028 1213 1064 1248 ξφ
1091 1214 1186 1248 lenta.

188 1265 369 1306 Ipsosour:
400 1277 549 1305 NERvos
573 1268 590 1309 ]
619 1264 675 1300 Ita
710 1263 786 1300 Mss.
811 1262 927 1298 Varie.
963 1262 1020 1297 Sic
1052 1262 1158 1298 etiam
1183 1262 1350 1311 placebat
1377 1263 1526 1300 Schurz-

136 1315 313 1352 fleischio.
337 1314 379 1349 In
404 1314 502 1350 libris
526 1313 652 1358 editis,
681 1314 759 1360 ipsos
782 1327 897 1361 quoque
923 1326 1045 1347 nervos.

185 1366 321 1400 Russorz
353 1375 470 1400 TEGIT
496 1367 514 1410 ]
542 1363 638 1400 Bene
677 1363 752 1400 Mss'.
780 1362 895 1399 Vatic.
934 1365 967 1397 &
1003 1361 1180 1398 editiones
1214 1362 1439 1399 recentiores.
1480 1363 1524 1399 In

133 1414 337 1457 Veteribus,
368 1415 473 1450 robur.
497 1413 606 1450 Unde
631 1412 776 1462 quidam
803 1411 1061 1455 emendarunt,
1090 1413 1211 1446 rubore.

187 1465 329 1500 DECOR
360 1475 612 1499 COMMENDAT
633 1467 650 1508 ]
680 1462 746 1499 ΜΓ.
767 1463 885 1498 Varie.
911 1464 1006 1509 1518
1024 1489 1033 1504 ,
1061 1462 1216 1498 decorum.
1234 1461 1322 1496 Non
1341 1461 1433 1498 male
1452 1461 1528 1498 edi-

135 1514 255 1551 tiones
275 1524 411 1550 veteres
436 1517 469 1549 &
492 1513 731 1554 recentiores,
760 1513 860 1547 decor.
887 1511 928 1546 In
953 1511 1079 1547 mediis
1103 1510 1314 1560 quibusdam
1333 1538 1342 1553 ‚
1372 1512 1490 1547 decore.

191 1564 414 1600 Vinssaimus
442 1575 595 1604 INQUAM
617 1566 634 1608 ]
666 1561 854 1598 Editiones
873 1573 1029 1603 vetereS,
1055 1562 1228 1596 viderimus
1255 1563 1385 1608 inquam
1404 1562 1527 1609 judicio

138 1617 205 1658 ejus
228 1616 277 1648 vis
302 1625 358 1648 aur
387 1615 487 1648 animi
516 1624 572 1647 aut
599 1615 718 1660 ingenii
746 1612 916 1659 sufficeret.
956 1611 999 1646 ln
1028 1609 1286 1646 recentioribus
1312 1637 1322 1653 ‚
1353 1611 1527 1657 sufficerit.

138 1662 362 1699 Emendabat
389 1663 551 1698 Pithoeus
577 1689 587 1704 ‚
615 1662 788 1697 viderimus
824 1675 899 1696 num
926 1661 1049 1708 judicio
1075 1665 1140 1708 ejus
1176 1662 1226 1694 ris
1253 1670 1309 1694 aut
1342 1663 1442 1697 animi
1471 1672 1529 1695 aur

139 1716 260 1761 ingenii
278 1713 449 1759 suffecerit.
477 1712 606 1748 Editor
629 1711 868 1754 Oxonienlis,
895 1711 1038 1746 videmus
1064 1713 1097 1745 in
1123 1721 1242 1758 quanta
1271 1709 1427 1756 judicium
1461 1716 1529 1758 ejus

140 1764 178 1798 θ’
204 1766 254 1798 vis
278 1774 345 1797 tum
373 1765 472 1797 animi
511 1774 577 1797 tum
600 1764 717 1810 ingenii
737 1762 908 1808 sufficerit.
937 1762 1036 1796 Bene
1071 1759 1178 1796 vertit
1214 1758 1415 1794 Davanzati
1433 1787 1442 1802 ,
1484 1761 1531 1795 Di

140 1815 278 1848 Corvino
301 1825 363 1847 non
384 1815 428 1847 mi
449 1812 563 1860 dolgo,
589 1826 645 1858 per
667 1813 718 1846 che
740 1813 780 1846 da
805 1813 850 1846 lui
876 1823 936 1844 non
961 1809 1038 1857 resto
1062 1809 1094 1844 dt
1119 1812 1264 1844 αννίιάνε
1289 1810 1308 1843 ἁ
1333 1809 1435 1856 questo
1456 1810 1532 1843 licto

140 1863 331 1947 ccltndorjde
350 1865 445 1909 tempi
463 1862 562 1910 nostri
577 1888 587 1905 ‚
604 1864 640 1909 se
662 1863 689 1897 le
701 1862 797 1910 forze
816 1860 890 1897 dcll’
900 1863 1004 1896 animo
1018 1887 1027 1904 ‚
1052 1874 1066 1895 e
1089 1860 1306 1906 dell'ingegno
1326 1859 1531 1906 rispondeano

142 1925 161 1946 a
196 1925 253 1960 giu
277 1925 350 1947 tcto.

190 2012 297 2048 CAP.
328 2011 443 2048 XXII.
474 2012 601 2048 Locos
630 2024 788 2054 QUOQUE
816 2013 1054 2056 LAETIORES]
1085 2010 1182 2046 Bene
1217 2009 1292 2044 Mss.
1332 2008 1451 2046 Vatic.
1487 2007 1532 2045 In

145 2060 248 2097 libris
269 2061 372 2098 editis
384 2089 394 2104 ‚
415 2063 562 2109 locosque.
580 2061 763 2097 Editiones
777 2072 911 2097 veteres
925 2087 933 2101 ‚
957 2063 1095 2095 latiores.
1119 2059 1227 2096 Unde
1245 2059 1400 2094 Muretus
1414 2070 1536 2094 emen-

145 2110 269 2155 davit,
299 2113 444 2146 laetiores.
471 2110 568 2146 Male
588 2111 804 2152 Rhenanus,
834 2112 974 2145 altiores.
1002 2109 1045 2144 In
1071 2109 1134 2144 Ms.
1165 2108 1284 2146 Vatic.
1310 2109 1411 2156 4498
1429 2135 1439 2151 ‚
1469 2109 1534 2143 lec-

145 2172 253 2198 tiores.
601 2187 603 2189 ·

194 2211 368 2247 Dictum
398 2222 520 2247 GENUS
550 2221 616 2246 EsT
634 2213 652 2256 ]
679 2209 990 2246 Sehurzfleischius
1008 2207 1162 2249 omittit,
1181 2207 1235 2255 est.
1254 2206 1400 2243 Ursinus
1417 2218 1537 2244 emen-

151 2261 210 2297 dat
225 2291 233 2302 ,
259 2260 402 2307 discendi.
987 2271 989 2274 ·

202 2309 320 2346 PAucr
350 2322 479 2346 SENSUS
508 2321 606 2346 ΑΡΤΕ
629 2312 646 2354 ]
678 2309 774 2345 Bene
801 2308 1012 2350 Acidalius‚
1040 2307 1300 2344 Freinshemius
1322 2309 1354 2342 <Sc
1379 2306 1534 2342 Schurz-

154 2358 342 2394 fleischius.
359 2359 416 2394 Sic
428 2359 518 2407 saepe
533 2358 687 2394 Tullius.
699 2359 741 2393 In
759 2358 937 2394 veteribus
955 2357 1175 2393 editionibus
1192 2358 1316 2403 ‚fttzsus
1328 2369 1390 2402 opt.
1404 2357 1439 2391 &
1452 2369 1533 2389 cum.

119 2453 122 2457 5
153 2408 220 2449 ΜΓ.
234 2408 349 2443 vatic.
363 2411 464 2457 4498
482 2437 492 2452 ,
507 2421 602 2456 optet.
618 2409 684 2445 Ms.
697 2408 813 2447 Vatic.
832 2419 899 2457 151
909 2410 928 2445 8
942 2436 952 2453 ‚
966 2411 1043 2456 opti.
1061 2406 1167 2445 Unde
1179 2406 1379 2443 Davanzati
1395 2405 1536 2442 videtur

252 2471 375 2521 Tom.
400 2471 495 2523 IV,
1290 2473 1333 2512 11
