1952 2708
255 166 349 210 AD
396 161 620 208 VITAM
666 165 771 205 CN.
805 164 932 208 JUL.
966 164 1378 210 AGRICOLAE.
1444 184 1530 222 203

139 246 315 285 laudatus.
332 243 416 290 Ejus
431 251 551 278 tamen
568 239 653 277 fidei
678 249 925 294 argumentum
941 240 1142 278 videbimus
1168 244 1259 281 infra
1274 258 1353 295 cap.
1378 258 1392 282 x
1399 258 1437 295 9.

189 298 403 333 ADMODUM
432 302 583 329 JUVENE
606 294 623 337 ]
654 290 720 326 Ms.
746 289 862 326 Vatlc.
896 300 1017 339 3429,
1040 295 1159 338 juvene
1182 295 1363 332 admodum.

193 367 300 405 CAP.
327 367 430 404 VIII.
450 367 648 403 PRAEERAT
667 377 776 403 TUNC
794 365 1027 402 ERITANNIAE
1046 369 1063 412 ]
1085 366 1220 403 Seriem
1237 368 1433 407 Britanniae
1451 385 1537 421 prae.

139 419 252 475 fidum
269 418 337 504 hicl
347 418 509 468 proponi
524 446 535 463 ‚
559 420 594 454 δε
617 429 699 454 cum
721 415 823 455 rebus
837 447 845 460 ,
864 415 1012 453 narratis
1035 417 1216 466 superum,
1242 422 1421 469 componi
1439 423 1537 460 haud

141 480 209 508 erit
230 480 323 505 inuti
341 481 370 506 e.

244 543 765 596 PRAESIDES
829 542 1428 596 BRITANNIAE

139 632 198 682 ab
230 649 348 681 anno
387 627 525 676 Urbis
561 625 746 675 conditae
792 641 998 673 Dccxcv1
1026 661 1040 683 ‚
1086 623 1198 688 Jeslt
1234 624 1398 694 Christi
1428 645 1488 694 43
1520 664 1535 688 ‚

345 698 408 747 ad
420 716 586 747 annum
607 695 746 744 Urbis
773 693 956 744 condita
988 712 1301 744 Deccxxxvm
1316 734 1330 755 ‚

623 763 732 833 Jefic
773 763 936 829 Christi
970 763 1050 830 85.

197 847 380 887 AVLVS
409 845 739 891 PLAVTIVS,
767 844 844 883 Vir.
870 845 957 895 Agr.
985 843 1085 882 XIV.
1115 845 1367 894 Supplement.
1402 842 1539 882 Annal.

143 899 220 942 IX,
249 911 298 945 50
323 902 357 935 &
379 898 475 948 seqq.
503 896 578 943 XI,
608 909 643 944 3.

199 966 393 1003 OSTOR
408 967 504 1003 IVS
533 963 816 1007 SCAPVLA,
838 963 914 1001 Vic.
934 963 1025 1014 Agr.
1047 962 1147 1001 XIV.
1167 963 1412 1008 Annal.XII,
1439 975 1482 1013 31
1506 965 1540 1000 δε

143 1018 241 1068 seqq.
265 1016 510 1067 Supplement.
532 1014 664 1051 Annal.
692 1014 770 1058 XI,
803 1025 838 1062 3.

192 1085 385 1173 Agla-VS
413 1083 623 1122 DIDIVS
653 1081 906 1127 GALLVS,
934 1082 1009 1122 Vit.
1041 1083 1130 1132 Agr.
1160 1082 1260 1122 XIV.
1283 1082 1417 1119 Annal.
1443 1081 1542 1128 XII,

144 1148 207 1186 40.
339 1163 348 1179 ,
376 1149 440 1183 29.

195 1204 244 1250 Q.
272 1201 583 1240 VERANIVS
600 1229 610 1244 ‚
637 1199 714 1238 Vit.
735 1200 823 1249 Agr.
849 1199 946 1236 XIV.
972 1200 1104 1236 Annal.
1129 1199 1240 1244 XIV,
1270 1212 1333 1248 29.

194 1269 545 1308 SVETONIVS
574 1266 939 1312 PAVLLINVS‚
967 1267 1042 1305 Vit.
1068 1269 1155 1318 Agr.
1176 1267 1262 1306 XIV
1285 1270 1319 1304 ὃς
1342 1267 1439 1317 seqq.
1466 1266 1540 1303 An<

144 1321 218 1359 nal.
243 1320 354 1362 XIV,
384 1332 431 1366 29
460 1322 493 1355 &
516 1318 613 1368 seqq.

145 1385 544 1477 XI{IETRONIVS
572 1384 1008 1432 TVRPILIANVS,
1044 1390 1120 1427 Vit.
1155 1386 1243 1436 Agr.
1276 1385 1376 1423 XVI.
1406 1385 1539 1423 Annal.

250 1468 260 1483 ν
294 1452 354 1488 39«

197 1505 567 1543 TREBELLIVS
598 1503 953 1547 MAXIMVSNit.
966 1504 1051 1554 Agr.
1063 1503 1160 1541 XVI.
1171 1503 1264 1540 Hist.
1277 1504 1306 1547 Ι,
1325 1504 1375 1540 60
1393 1506 1425 1540 ὅ(
1441 1503 1538 1554 seqq.

194 1574 453 1613 ‚VETTIVS
483 1572 688 1609 BOLAN
704 1572 788 1616 VS,
818 1572 893 1609 Vit.
917 1572 1004 1623 Agr.
1034 1572 1133 1609 XVI.
1162 1571 1254 1607 Hist.
1281 1571 1345 1616 ΙΙ,
1374 1571 1436 1620 65.

195 1641 475 1679 PETILIVS
504 1639 811 1684 CERIALIS,
839 1641 915 1679 Vit.
942 1641 1029 1691 Agr.
1052 1639 1173 1678 XVII.

199 1709 402 1748 IVLIVS
431 1708 809 1751 FRONTINVS,
838 1710 914 1748 Vit.
940 1710 1029 1760 Agr.
1050 1708 1170 1747 XVII.

201 1777 433 1816 CNAEVS
463 1778 666 1816 IVLIVS
696 1776 1035 1821 AGRfflOLA,
1067 1777 1167 1825 cuius
1198 1787 1335 1812 nomen
1368 1772 1538 1810 virtutes-

147 1839 216 1878 que
241 1827 503 1865 immortalitati
534 1828 671 1878 scriptis
694 1828 762 1864 suis
785 1828 934 1865 tradidit
958 1827 1120 1864 Tacitus.

198 1889 367 1927 VErTms
394 1890 577 1927 BOLANUS
600 1895 616 1937 ]
647 1891 744 1928 Male
763 1902 899 1928 veteres
922 1887 1118 1929 editiones,
1147 1887 1294 1929 Voft'z'us,
1321 1894 1383 1920 aut
1411 1885 1538 1921 Vefflus

148 1941 302 1978 Volanus.
323 1939 381 1977 De
398 1941 522 1978 Vettio
542 1942 686 1979 Bolano
705 1944 775 1989 jam
794 1941 923 1977 dietum
947 1939 1049 1987 suprii
1072 1938 1109 1973 in
1130 1935 1238 1973 Notis
1255 1939 1288 1972 &
1305 1934 1540 1972 Emendatio-

150 1990 255 2028 nibus
279 1989 325 2025 ad
348 1991 477 2028 Annal.
498 1993 590 2036 XV,
620 2005 651 2039 3.
680 1992 748 2028 Ms.
773 1991 888 2027 Vatic.
914 1991 1018 2036 4498
1047 1987 1156 2024 habet
1174 1998 1321 2037 quoque
1347 1988 1484 2022 Vettius.

198 2039 366 2076 DIGNUM
396 2052 461 2075 EST
481 2045 497 2086 ]
526 2042 665 2078 Frustra
690 2052 806 2079 tentat
829 2039 1016 2077 Acidalius
1033 2067 1041 2081 ‚
1069 2039 1199 2085 dignum
1223 2037 1303 2084 gffkt.

198 2089 258 2125 NE
289 2101 550 2126 INGRESCERET
568 2096 585 2138 ]
618 2092 711 2128 Haec
729 2091 851 2128 omiffa
869 2090 979 2125 vellet
998 2088 1057 2124 Cl.
1091 2087 1265 2123 Ernestus.
1299 2085 1341 2121 In
1359 2085 1401 2120 iis
1418 2095 1539 2121 tamen

148 2139 237 2175 inest
250 2152 395 2190 quoque
412 2152 572 2177 acumen.
593 2140 687 2176 Nam
705 2141 879 2191 Agricola
896 2139 1062 2176 ardorem
1079 2135 1325 2187 compescuit,
1344 2149 1389 2172 ne
1406 2135 1540 2172 incres-

150 2201 267 2233 ceret,
297 2193 330 2227 ὃς
347 2190 491 2225 Bolano
510 2191 638 2227 melior
657 2191 847 2236 videretur.

203 2240 456 2276 HABUERUNT
487 2253 677 2277 viiz‘rUTEs
695 2245 713 2287 ]
745 2241 838 2278 Haec
854 2239 988 2289 Lipsius
1012 2238 1056 2274 ad
1076 2237 1253 2275 Cerialem
1275 2248 1461 2286 perperam
1481 2247 1539 2270 re-

150 2289 303 2332 ferebam
325 2293 358 2326 &
376 2291 606 2333 emendabat,
631 2293 806 2328 habuerunt
823 2294 958 2326 virtutes
972 2291 1115 2336 spatium
1133 2289 1169 2323 θ’
1187 2288 1379 2334 exemplum.
1397 2285 1476 2321 Nec
1494 2284 1538 2320 de

153 2338 285 2393 Ceriali
300 2339 398 2376 simul
414 2345 447 2377 ὃς
462 2341 638 2390 Agricola
653 2367 662 2382 ,
675 2353 715 2378 ut
732 2341 898 2380 Pichenae
914 2338 1053 2391 placuit
1067 2367 1076 2380 ,
1102 2337 1164 2376 sed
1179 2338 1223 2376 de
1237 2337 1342 2374 unius
1354 2334 1538 2387 Agricolae

154 2390 344 2427 virtutibus
359 2391 440 2429 sunt
454 2390 702 2443 intelligenda.

1239 2457 1349 2510 Ccij
