1952 2708
391 150 474 187 218
582 141 803 184 NOTAE
855 140 939 182 ET
989 137 1592 183 EMENDATIONES

438 220 484 254 IN
513 229 643 254 ARCTO
672 222 870 264 PUGNAM]
901 217 999 254 Libri
1021 231 1144 255 omnes
1166 217 1279 261 editi,
1309 220 1341 252 in
1373 229 1479 265 aperto
1503 231 1656 267 pugnam.
1688 218 1776 267 Lip-

389 269 455 304 s1us
477 267 639 304 tentabat
660 272 693 304 in
716 282 856 316 opertos,
883 268 942 305 vel
973 271 1005 303 in
1025 281 1132 313 operta
1157 284 1169 303 .·
1198 267 1358 304 Schelius
1374 298 1381 310 ‚
1400 272 1433 302 in
1450 281 1583 313 apertu:
1602 268 1657 304 Cl.
1681 269 1724 305 de
1742 269 1777 304 la

390 317 564 361 Bleterie‚
591 321 735 365 inoperti.
763 318 921 355 Felicior
945 318 1069 354 ceteris
1097 318 1303 353 Franciscus
1330 317 1501 360 Medicis,
1529 318 1584 353 vir
1615 318 1778 367 egregius

392 370 426 403 ὅς
448 367 485 403 in
502 367 619 403 multis
643 368 686 404 de
698 368 833 404 Tacito
857 368 948 404 bene
969 368 1111 403 meritus
1125 395 1133 409 ,
1154 367 1367 403 emendabat
1385 372 1415 401 in
1434 369 1519 401 arelo
1535 394 1544 409 ‚
1566 378 1605 402 ut
1623 368 1779 415 postulat

391 416 469 465 ipsa
489 417 664 454 orationis
683 417 796 454 series.
819 417 877 453 Sic
896 429 1041 466 quoque
1065 416 1108 452 de
1127 416 1297 464 Hispanis
1312 443 1320 458 ‚
1350 415 1470 451 Livius
1492 416 1654 453 XXVIII
1671 445 1680 461 ,
1710 429 1753 466 33
1769 444 1781 462 ,

393 470 427 503 in
449 469 534 502 arflo
556 480 665 515 pugna
687 468 830 503 Romano
857 471 983 513 aptior,
1013 467 1107 514 quant
1131 468 1270 512 Hispano
1291 467 1388 500 militi
1405 465 1522 512 futura
1547 467 1727 503 ridebatur.

446 516 504 552 ET
530 528 693 552 TRAcrls
716 522 732 564 ]
764 518 819 553 Ita
838 516 919 552 libri
939 528 1062 552 omnes
1087 513 1185 551 editi.
1209 515 1367 552 Muretus
1385 515 1619 559 emendabat,
1644 517 1781 563 &frac-

395 569 450 602 tis.
485 566 534 601 At
555 566 638 602 cum
659 566 697 601 in
718 567 793 602 ΜΠ.
816 567 934 604 Vatic.
958 579 1054 615 3429
1083 567 1117 601 &
1141 567 1241 613 4498
1259 593 1267 607 ,
1299 565 1433 613 legatur
1455 564 1593 600 tantum
1614 566 1650 600 ὃν
1674 569 1780 604 tratis.

395 615 613 653 Puteolanus
639 617 841 666 conjefiura
865 615 978 653 edidit
994 644 1003 659 ‚
1031 617 1209 653 &nabitu
1231 615 1290 650 Ad
1312 627 1383 651 rem
1405 617 1437 650 <Sc
1455 615 1582 650 veteris
1599 615 1781 663 scripturae

395 665 544 715 vestigia
570 667 687 715 aptius
709 680 750 702 ac
773 666 924 715 propius
938 694 947 709 ‚
974 668 1008 701 &²
1027 665 1208 712 prostratis.
1226 665 1315 701 Hoc
1336 663 1447 701 verbo
1468 665 1561 713 saepe
1582 664 1693 701 utitur
1710 665 1783 702 Ta-

394 715 486 752 citus
507 717 544 752 in
570 717 765 752 Annalium
783 720 815 752 ὃς
844 716 1083 752 Historiarum
1107 714 1218 752 libris.

445 767 491 802 IN
522 779 638 809 AEouo
669 770 971 812 OBSTITERANT]
997 765 1062 801 Ms.
1087 765 1204 802 Varie.
1235 776 1329 811 3429
1346 792 1356 808 ‚
1384 764 1582 812 adstiterunt.

399 846 403 848 .
448 815 637 859 EQUITUM
667 830 813 853 TURMAE
843 819 1032 861 FUGERE]
1059 815 1194 852 Tentat
1221 814 1374 863 Lipfius,
1403 817 1540 862 equitum
1571 827 1683 851 turmae
1704 815 1784 862 effic-

397 867 468 902 dere
485 897 492 909 ,
520 877 579 901 aut
612 867 733 915 potius
761 867 870 914 effusae.
908 865 1070 902 Ernestus
1086 893 1094 908 ,
1122 879 1256 911 erupere.
1279 865 1349 901 Sed
1370 864 1566 908 inutiliter3
1599 864 1622 899 s1
1647 864 1691 900 ad
1716 878 1783 910 ea,

398 929 479 966 quae
502 916 536 950 in
564 915 672 952 Notis
692 916 961 953 observavimus
975 942 984 958 ,
1011 915 1223 951 attendatur.

448 965 633 1002 Hostium
662 979 870 1003 AGMINIBUS
893 971 910 1012 ]
940 967 1125 1002 Romanos
1145 964 1293 1001 Tacitus
1314 963 1459 1000 minime
1479 963 1569 1000 dixit
1586 964 1693 1011 hoster.
1713 963 1784 1002 Vel

399 1028 487 1064 ergo
502 1043 512 1058 ‚
540 1027 578 1052 ut
601 1017 751 1053 volebat
770 1017 950 1058 Muretus,
982 1015 1245 1053 emendandum
1271 1015 1444 1062 nostrorum
1460 1029 1471 1048 .·
1501 1013 1582 1056 vel,
1612 1013 1712 1063 quod
1735 1013 1784 1050 ob

399 1076 556 1102 veterem
582 1065 789 1115 scripturam
815 1066 1064 1109 commodius,
1095 1067 1292 1107 cohortium,
1320 1075 1360 1099 ut
1387 1075 1511 1100 monet
1537 1063 1709 1100 Ernellus.

451 1116 541 1151 CUM
571 1129 681 1152 AEGRE
709 1129 777 1153 Dru
805 1120 1003 1161 STANTEs]
1033 1115 1215 1163 Corrupte
1231 1125 1366 1150 veteres
1385 1114 1562 1149 editiones
1577 1141 1586 1156 ‚
1616 1115 1683 1150 ct‘tm
1699 1127 1785 1159 aegra

399 1165 456 1201 diu
481 1178 538 1201 aut
551 1167 671 1213 stante.
692 1166 883 1203 Rhenanus
898 1194 906 1210 ‚
933 1178 1040 1215 quem
1060 1178 1186 1201 omnes
1211 1162 1333 1213 postea
1358 1164 1437 1198 sunt
1452 1163 1587 1205 secuti,
1614 1162 1784 1199 emenda-

400 1214 474 1258 vit,
499 1217 567 1250 cum
589 1220 622 1251 in
645 1217 749 1265 gradu
766 1217 900 1264 stantes.
927 1217 979 1251 At
1001 1215 1083 1251 cum
1111 1213 1310 1251 Ms.Vatic.
1347 1224 1446 1262 3429
1481 1213 1611 1249 habeat
1638 1225 1784 1262 quoque

400 1279 486 1312 tegra
504 1267 556 1301 diu
573 1294 581 1309 ‚
603 1266 866 1303 emendandum
886 1265 1135 1314 edendumque
1154 1277 1235 1310 aegre
1249 1264 1303 1299 diu
1318 1291 1327 1306 ‚
1362 1262 1505 1311 optimo
1522 1264 1667 1312 quidem
1683 1263 1784 1302 sensu

403 1317 437 1351 ὅ(
456 1328 499 1352 ex
516 1328 634 1353 vetere
657 1317 840 1366 scriptura.
872 1314 1054 1352 Tentabat
1069 1314 1241 1351 Trillerus
1255 1341 1266 1358 ‚
1294 1327 1376 1362 aegre
1393 1314 1476 1348 clivo
1488 1313 1620 1360 stantes.

454 1416 559 1454 CAP.
589 1417 776 1454 XXXVII.
798 1419 935 1455 SUMMA
966 1428 1138 1454 COLLIUM
1157 1418 1173 1462 ]
1205 1414 1273 1450 Ms.
1292 1413 1405 1450 Vatic.
1424 1424 1525 1463 3429
1541 1440 1550 1457 ,
1573 1415 1748 1460 summam.

450 1468 788 1514 ACCURRERANT]
818 1467 1011 1504 Ms.Vatic.
1037 1478 1134 1514 3429
1151 1493 1160 1508 ,
1188 1477 1438 1500 accucurrerunt.

451 1517 883 1564 APPROPINQUARUNT]
912 1517 977 1553 Ms.
992 1516 1108 1551 Vatic.
1130 1527 1228 1564 3429
1245 1542 1253 1557 ,
1273 1518 1614 1563 appropinquaverunt.

452 1564 538 1602 NEC
570 1579 678 1603 ALqu
706 1571 859 1613 ALIUM]
888 1566 1110 1603 Emendabat
1125 1564 1308 1600 Acidalius
1325 1591 1335 1607 ,
1353 1564 1411 1611 sed
1432 1565 1515 1599 alius
1530 1565 1643 1601 alium.
1770 1598 1772 1600 ,

454 1615 661 1653 TRECENTI
690 1620 933 1662 sExAGINTA]
967 1618 1008 1652 ln
1028 1615 1126 1651 libris
1140 1613 1244 1651 editis
1266 1617 1395 1650 trecenti
1409 1614 1634 1662 quadraginta.
1651 1613 1701 1650 At
1715 1626 1786 1662 po-

402 1664 476 1701 tior
489 1665 536 1701 est
553 1666 640 1703 fides
656 1667 732 1704 Mss.
749 1668 864 1703 Vatic.
895 1679 991 1714 3429
1011 1668 1043 1701 &
1060 1666 1159 1714 4498
1179 1695 1186 1706 ,
1215 1664 1276 1713 qui
1299 1668 1427 1699 trecenti
1442 1665 1617 1712 sexaginta
1639 1664 1784 1700 habent.

402 1713 447 1749 ln
464 1717 617 1752 numeris
633 1729 679 1752 xr,
700 1730 767 1765 pro
789 1730 835 1753 Lx
860 1716 966 1752 facile
984 1728 1097 1753 errare
1121 1714 1243 1763 potuit
1263 1714 1481 1751 Puteolanus
1497 1741 1508 1758 ,
1534 1713 1629 1750 unde
1651 1713 1696 1749 ad
1724 1726 1786 1750 ce-

403 1775 501 1801 teros
520 1766 750 1815 pervulgatus
771 1779 881 1804 error.

451 1815 556 1851 CAP.
571 1815 774 1853 XXXVIII.
803 1817 999 1853 Bm‘rANNJ
1024 1818 1248 1861 PALANTES]
1274 1813 1341 1852 Ms.
1357 1813 1482 1851 Vatic.v
1500 1825 1600 1863 3429
1615 1839 1626 1857 ,
1653 1814 1786 1849 Britan-

403 1868 494 1914 nique
515 1867 675 1911 palantes.

454 1915 559 1951 DE1N
583 1926 775 1952 SEPARARE
799 1921 816 1963 ]
844 1919 941 1953 Bene
959 1916 1024 1953 Ms.
1039 1914 1158 1952 Vatic.
1181 1926 1294 1964 3429.
1322 1914 1381 1951 Sic
1405 1925 1550 1964 quoque
1583 1914 1786 1960 conjecerat

404 1964 552 2012 Lipfius.
580 1966 675 2002 Male
700 1966 783 2002 libri
805 1967 916 2011 editi,
934 1968 1062 2013 sperare
1083 1965 1207 2003 :unde
1222 1964 1370 2001 Grotius
1390 1964 1574 2007 tentabat,
1604 1963 1761 2011 desperare
1774 1975 1788 2007 3

404 2013 589 2056 lii-mestus,
616 2018 769 2063 spernere.

460 2064 625 2101 SECRETI
658 2071 827 2112 COLLES]
859 2066 1020 2103 Ernestus
1034 2066 1175 2110 mallet,
1207 2066 1319 2112 deserti
1336 2067 1441 2100 colles.

454 2113 734 2152 HORESTORUM
754 2120 771 2163 ]
807 2116 883 2153 Mss'.
904 2117 1021 2154 Vatic.
1040 2128 1138 2165 3429
1159 2120 1191 2152 ὃς
1209 2117 1310 2164 4498
1326 2143 1335 2158 ,
1348 2114 1556 2161 Borestorum.

456 2163 753 2202 TRUTULENSEM
782 2171 979 2212 PORTUM]
1009 2167 1065 2201 Ita
1079 2167 1161 2202 libri
1176 2166 1274 2203 editi.
1301 2165 1345 2200 In
1361 2164 1425 2200 Ms.
1439 2163 1554 2200 Vatic.
1570 2163 1684 2211 4498,
1705 2171 1785 2197 cor-²

404 2213 509 2260 rupte
528 2218 685 2250 truzulens
710 2215 763 2262 est.
793 2215 860 2252 ΜΓ.
875 2216 992 2252 Varie.
1015 2229 1136 2264 3429,
1163 2215 1395 2260 trucculensem.

454 2262 580 2298 OMNJs
612 2269 842 2311 REDIERAT]
872 2266 992 2315 Vulgo
1009 2294 1018 2309 ,
1048 2270 1152 2308 omni,
1175 2265 1233 2301 sed
1251 2263 1421 2300 mendose
1436 2291 1445 2306 ‚
1476 2273 1515 2298 ut
1528 2264 1597 2309 jam
1611 2271 1786 2297 monuere

403 2310 537 2360 Lipfius
551 2324 592 2348 ae
604 2312 784 2356 Picbena;
806 2326 976 2364 patetque
995 2329 1038 2352 ex
1056 2315 1132 2363 ipsa
1146 2313 1332 2350 latinitate.
1351 2312 1442 2359 Quis
1460 2312 1556 2348 enim
1578 2311 1665 2346 ferat
1677 2337 1684 2351 5
1705 2323 1784 2356 pro-

403 2364 491 2397 ximo
519 2364 616 2401 latere
632 2363 810 2400 Britannice
835 2367 912 2401 [εὲἳο
935 2368 1019 2401 omni
1037 2371 1053 2400 ἓ
1075 2366 1144 2401 Pro
1161 2364 1296 2401 redierat
1319 2361 1442 2400 frustra
1455 2372 1568 2400 tentat
1579 2360 1783 2407 Rhenanus,
