1952 2708
478 173 1176 221 CHRONOLOGICA.
1434 179 1524 236 463

141 257 176 294 &
190 257 319 307 vigore
331 282 342 299 ,
370 252 505 290 salvam
530 250 673 287 virtutis
697 250 827 286 famam
851 251 999 288 retinuit
1014 265 1024 296 ;
1043 257 1076 290 ὃς
1091 268 1195 304 quam
1214 257 1318 294 multi
1337 258 1530 299 ambitiosa

141 317 259 343 morte
282 303 446 354 quaefiere
462 330 471 346 ,
495 301 570 350 ipse
594 300 741 349 placido
769 300 854 337 vitae
875 302 977 338 cursu
991 302 1232 342 immortalem
1251 308 1303 343 sui
1318 311 1528 349 memoriam

141 355 296 405 reliquit.
327 353 359 389 A
388 351 566 389 Cornelio
588 352 723 388 Tacito
738 379 748 395 ,
773 351 898 388 eadem
914 380 923 396 ‚
956 353 1028 402 qua
1047 353 1137 390 vixit
1152 383 1162 398 ,
1190 355 1259 392 fide
1290 370 1331 393 ac
1354 361 1529 398 modestia

141 414 300 443 narratus
314 431 323 448 ,
350 402 571 453 posterisque
585 401 754 445 traditus,
769 415 939 452 magnum
963 403 1100 453 semper
1125 405 1191 442 erit
1214 409 1416 457 exemplum
1431 412 1529 460 posse

140 455 248 494 etiam
265 454 328 490 sub
347 452 448 490 malis
463 451 690 501 Principibus
705 464 855 502 magnos
867 453 964 489 viros
979 452 1056 490 esse.

192 504 276 541 Post
289 503 474 554 Agricolae
487 512 639 540 mortem
659 534 666 546 ‚
682 503 777 553 quasi
790 503 899 539 turbo
911 531 921 546 ,
947 502 1046 539 furor
1064 502 1270 541 Domitiani
1295 508 1471 546 incubuit.
1495 510 1529 547 Is

139 568 270 605 nempe
285 555 448 592 efferatus
467 552 586 591 civilis
600 553 687 590 belli
700 553 874 590 memoria
891 556 925 590 ὃ(
939 553 1078 590 assiduis
1094 556 1387 601 conjurationum
1400 572 1526 597 rumo-

140 606 239 642 ribus
259 633 269 650 ,
291 605 455 655 ratusque
477 604 701 641 securitatem
730 602 929 640 diffidentia
954 603 1022 640 niti
1040 629 1048 646 ‚
1071 616 1148 640 non
1168 606 1238 651 jam
1257 618 1318 653 per
1338 608 1527 647 intervalla

139 668 184 692 ac
200 656 416 705 spiramenta
435 664 640 703 temporum
654 682 663 697 ‚
693 654 753 690 sed
769 653 950 690 continuo
966 657 999 690 ὃς
1018 654 1118 690 velut
1134 666 1209 691 uno
1232 655 1301 691 ictu
1329 660 1526 706 rempubli-

139 718 219 742 cam
234 705 431 742 exhaufit1.
455 704 517 740 Ob
546 704 731 741 levissimas
753 704 973 752 suspiciones
997 704 1114 740 bonus
1146 705 1294 756 quisque
1314 706 1350 742 in
1380 709 1526 745 exilium

141 757 209 792 affl
224 783 233 799 ‚
248 766 412 792 morteve
431 754 570 791 adfeffi.
589 754 687 790 Inter
703 766 766 790 eos
781 780 790 796 ‚
806 754 867 803 qui
883 754 1002 802 poenis
1023 765 1098 790 tum
1116 755 1214 792 fuere
1236 755 1415 801 obnoxii,
1440 760 1527 795 emi-

136 806 272 842 nebant
294 807 344 841 M.
369 805 550 841 Cocceius
567 804 689 840 Nerva
705 807 738 840 &
755 804 980 840 Salvidianus
996 805 1153 849 Orsum,
1173 805 1281 842 ambo
1297 808 1499 845 consulares
1516 823 1526 845 :

135 855 200 892 ille
223 856 374 893 Tarenti
401 854 498 892 exsul
519 856 529 870 ²
557 854 699 891 delituit
723 868 732 890 ς
756 854 817 890 hic
830 854 867 890 in
886 855 1037 890 insulam
1061 857 1242 903 conjet‘tus
1258 857 1267 875 ³
1288 885 1298 900 ,
1329 870 1415 894 mox
1439 859 1526 895 inte-

138 916 295 955 remptus
311 905 371 943 est.
398 905 442 941 In
466 905 520 940 his
548 915 753 954 temporum
774 904 1047 948 acerbitatibus,
1070 906 1183 941 auditi
1207 906 1287 942 sunt
1310 918 1429 944 motus
1443 910 1525 945 Sar-

135 966 311 992 matarum
327 983 336 997 ,
361 956 422 1005 qui
439 955 622 1003 legionem
636 968 718 991 cum
730 954 852 1004 legato
871 955 1087 992 ceciderant.
1115 956 1202 992 Huc
1215 956 1331 993 tendit
1342 957 1523 1007 Princeps.

133 1005 202 1049 Et,
224 1006 283 1042 seu
301 1006 401 1042 vistis
417 1005 578 1041 hostibus
593 1033 602 1048 ‚
620 1004 679 1041 seu
695 1004 782 1040 sistis
798 1004 975 1049 vistoriis‚
999 1006 1050 1041 uti
1075 1007 1145 1053 jam
1171 1006 1254 1042 ante
1269 1034 1279 1051 ,
1299 1007 1523 1053 ludificatus,

133 1055 291 1093 lauream
305 1055 390 1094 Jovi
405 1055 623 1104 Capitolino
640 1054 798 1091 retulit4.

451 1127 591 1164 ANNUS
615 1126 664 1163 U.
686 1126 730 1163 C.
758 1138 975 1163 Dcccxtvn.
1027 1133 1059 1165 J.
1080 1129 1115 1163 C.
1145 1139 1210 1176 94.

186 1199 225 1235 L.
244 1199 372 1236 Nonio
390 1200 584 1250 Torquato
602 1199 798 1249 Asprenate
810 1230 817 1242 ‚
834 1199 881 1235 T.
897 1199 1021 1236 Sextio
1040 1199 1167 1248 Magio
1188 1201 1368 1237 Laterano
1391 1203 1523 1239 consu-

131 1250 236 1285 libus.
263 1250 439 1299 Principis
458 1250 612 1293 saevitia,
629 1263 695 1287 nec
711 1250 810 1286 bello
828 1277 838 1293 ,
855 1262 922 1285 nec
938 1250 1097 1286 viciorioe
1116 1249 1349 1287 sollemnibus
1366 1253 1499 1289 remissa
1511 1280 1521 1297 ,

130 1300 326 1348 impietatis
359 1300 648 1337 accusationibus
681 1299 853 1336 adcrevit.
879 1300 1063 1348 Praecipua
1092 1299 1176 1335 mali
1201 1302 1304 1336 causa
1323 1302 1432 1338 Massa
1454 1305 1522 1340 Be-

130 1350 210 1385 bius
221 1377 230 1393 ,
258 1350 360 1398 supra
376 1361 603 1387 memoratus.
620 1349 653 1385 Is
667 1350 781 1386 fuerat
797 1349 983 1385 damnatus
996 1377 1006 1392 ,
1019 1350 1158 1385 causam
1174 1351 1393 1386 Baeticorum
1412 1365 1522 1388 oran-

129 1399 225 1435 tibus
240 1400 429 1437 Herennio
451 1400 653 1436 Senecione
670 1403 703 1436 δε
725 1399 846 1436 Plinio
866 1413 875 1434 ε
896 1399 1041 1448 ejusque
1065 1399 1163 1435 bona
1179 1427 1189 1443 ,
1219 1411 1256 1436 ut
1275 1400 1422 1449 publice
1442 1404 1519 1439 cus-

129 1450 332 1486 todirentur
347 1479 356 1494 ‚
373 1450 535 1499 seposita.
550 1450 702 1486 Senecio
717 1477 726 1493 ‚
741 1449 844 1493 dum,
870 1449 986 1485 nimio
1002 1449 1038 1485 in
1054 1450 1202 1487 clientes
1218 1451 1520 1502 provinciamque

130 1499 248 1535 studio
277 1526 287 1542 ,
325 1502 422 1549 apud
453 1500 617 1536 consules
645 1499 770 1543 instat,
801 1512 846 1536 ne
874 1499 1177 1548 postulationibus
1207 1512 1336 1537 vacent
1359 1529 1368 1545 ‚
1405 1502 1520 1540 irritat

129 1548 276 1584 Massam
302 1577 312 1592 ‚
343 1551 404 1600 qui
431 1563 512 1586 eum
546 1549 738 1598 impietatis
762 1549 918 1598 postulat
936 1551 970 1594 ⁵,
1003 1550 1100 1599 quod
1120 1549 1278 1586 Priscum
1300 1551 1518 1589 Helvidium

127 1598 298 1635 laudasset
313 1599 339 1635 ⁶.
372 1600 424 1636 Ea
454 1600 682 1636 accusatione
712 1599 892 1648 perculsus
916 1627 925 1643 ‚
956 1600 1096 1636 occisus
1123 1599 1182 1636 est.
1213 1601 1279 1636 Par
1296 1602 1427 1646 causa,
1461 1616 1519 1639 ea-

128 1649 282 1698 demque
309 1649 411 1685 ruina
425 1650 625 1686 Arulenum
644 1649 826 1686 Rusticum
843 1650 974 1693 traxit3
999 1650 1103 1700 eique
1127 1650 1280 1698 capitale
1303 1651 1387 1692 fuit,
1418 1653 1519 1701 quod

125 1697 215 1734 Paeti
233 1699 400 1736 Thraseae
423 1700 533 1736 vitam
566 1699 747 1749 scripsisset
760 1701 773 1721 ⁷
787 1728 795 1743 ‚
821 1700 1009 1749 virumque
1028 1700 1272 1735 sanfflffimum
1299 1701 1517 1749 appellasset.

128 1748 208 1785 Nec
229 1748 267 1784 in
293 1749 391 1798 ipsos
409 1750 521 1786 modo
543 1752 721 1794 annom,
747 1750 807 1786 sed
832 1750 870 1785 in
886 1749 999 1785 libros
1019 1762 1167 1800 quoque
1184 1763 1309 1786 eorum
1330 1752 1518 1797 saevitum,

126 1798 295 1848 delegato
312 1800 506 1836 triumviris
522 1799 719 1836 ministerio
735 1828 744 1843 ‚
762 1810 802 1836 ut
828 1799 864 1835 in
882 1800 1035 1836 comitio
1054 1812 1094 1835 ac
1111 1800 1193 1835 foro
1221 1812 1417 1838 urerentur.
1441 1801 1517 1838 Eo-

127 1848 209 1885 dem
233 1849 314 1884 casu
336 1850 519 1886 convulsae
546 1850 771 1888 nobilissimae
785 1849 926 1886 feminac
950 1864 958 1886 :
986 1850 1213 1899 relegantur3
1231 1849 1335 1885 Arria
1346 1851 1515 1888 Thraseae

125 1899 238 1940 Paeti,
259 1900 396 1936 Fannia
422 1900 590 1936 Helvidii
619 1900 728 1936 Prisci
757 1900 867 1935 vidua
887 1928 896 1942 ,
929 1899 1083 1936 Gratilla
1112 1898 1247 1936 Rustici
1274 1913 1376 1935 uxor.
1406 1900 1515 1938 Rele-

153 1960 228 1984 atus
247 1961 393 1999 quoque
418 1950 638 1986 Mauricus&
668 1949 772 1985 Nihil
796 1961 914 1985 autem
940 1949 1095 1985 atrocius
1111 1949 1225 1985 visum
1249 1977 1259 1993 ,
1294 1951 1399 1999 quam
1431 1951 1514 1987 cum

124 1961 308 2034 sublicius
335 2001 486 2042 Certus,
524 2000 693 2036 accusato
728 1999 909 2036 Helvidio
934 1999 1012 2036 filio
1028 2001 1070 2042 ¹⁰,
1092 1999 1186 2048 quasi
1212 1999 1356 2036 scenico
1376 2001 1514 2037 exodio

123 2048 187 2083 sub
205 2049 358 2097 persona
376 2048 510 2084 Paridis
525 2052 558 2085 ὃς
571 2049 735 2087 OEnones
756 2049 954 2085 divortium
969 2049 1145 2098 Principis
1164 2062 1244 2086 cum
1260 2051 1407 2086 uxore¹¹
1424 2062 1514 2087 trac-

124 2098 239 2142 tasset,
262 2099 335 2150 ipse
357 2098 499 2136 senator
514 2099 668 2136 senatori
682 2112 806 2136 manus
820 2099 942 2136 intulit
959 2101 988 2116 ¹²
1006 2128 1016 2145 ‚
1035 2113 1188 2150 eumque
1204 2126 1213 2142 ,
1236 2113 1321 2137 mox
1340 2100 1512 2138 occiden-

159 2207 168 2218 ¹
187 2198 373 2231 Exnixusit]
396 2200 485 2227 Tacit.
502 2199 569 2227 iffid.
876 2206 884 2221 ⁷
906 2200 1120 2231 SCRIPSlsSET]
1146 2200 1237 2228 Tacit.
1262 2200 1332 2229 ibid.
1347 2200 1461 2230 Sueton.
1482 2202 1510 2229 in

159 2243 169 2255 ²
188 2234 310 2266 Exwt]
326 2234 481 2262 Philostrar.
498 2235 559 2262 vir.
578 2233 796 2267 Apollon.V1,8.
838 2235 947 2262 Domit.
966 2236 1005 2261 X.

164 2276 170 2292 ³
189 2269 397 2301 CothcTus]
421 2270 576 2297 Philostrat.
597 2270 665 2297 ibid.
682 2272 795 2297 bueron.
872 2274 881 2289 ὲ
902 2269 1133 2300 Rtttomwa]
1160 2269 1234 2297 I'lin.
1253 2270 1374 2304 Ep.111,
1387 2281 1427 2299 rr.

125 2302 154 2329 in
168 2303 276 2332 Domit.
294 2306 333 2333 X.
873 2313 882 2327 v
902 2305 1097 2336 MAURicus}
1118 2305 1210 2331 Frater
1221 2305 1338 2332 Aruleni
1353 2305 1466 2333 Rustici.

161 2347 171 2363 ⁴
191 2338 353 2372 Remum]
374 2340 487 2374 Eutrop.
508 2341 536 2368 in
549 2340 699 2368 Breviario.
728 2340 796 2367 Sue·
858 2349 879 2359 ¹2
897 2340 1059 2367 Httvmno
1081 2343 1185 2371 FILIO]
1210 2340 1322 2369 Sueton.
1347 2341 1375 2368 in
1397 2341 1507 2368 Domit,

126 2380 184 2400 ton.
206 2375 233 2400 in
252 2374 359 2402 Domit.
376 2376 414 2404 V.
838 2376 875 2401 X.
891 2374 963 2401 Plin.
976 2374 1024 2408 kp.
1038 2376 1080 2402 IX
1092 2395 1099 2405 ‚
1122 2384 1161 2409 13·

162 2418 169 2433 5
192 2407 379 2441 POSTULAT]
405 2411 477 2438 Plin.
497 2411 579 2444 Epist.
595 2410 670 2440 VH,
693 2419 733 2443 ξς.
856 2417 877 2428 ¹¹
902 2410 976 2436 Cum
997 2414 1120 2442 uxone]
1146 2410 1284 2438 Domitia.

158 2448 169 2462 0
190 2444 371 2473 LAUDASSET
384 2449 394 2478 ]
409 2447 571 2476 TacinVit.
583 2446 678 2482 Agr-ic.
693 2444 733 2477 li.
855 2448 877 2462 ’³
894 2446 1004 2473 Marios
1028 2448 1178 2476 insunt]
1194 2445 1267 2476 Plin.
1288 2447 1340 2474 loc,
1355 2446 1401 2475 cir.
1413 2444 1504 2474 Tacit,
