1952 2708
370 108 458 147 354
656 93 1463 139 SUPPLEMENTUM

368 175 539 231 repserat
563 189 573 215 z
598 175 704 215 inter
729 189 917 232 praetenta
954 176 1105 218 foribus
1143 175 1234 219 vela
1262 176 1411 220 latebat
1441 178 1595 221 abditus
1613 209 1626 230 ‚
1663 183 1753 224 cum

230 232 341 256 Αϋο
369 239 589 279 discurrens
630 238 733 280 forte
773 241 975 295 gregarius
1014 239 1154 292 miles,
1192 242 1471 283 animadversis
1512 243 1704 299 pedibus,
1733 259 1755 286 e

250 289 322 316 794·

255 335 277 357 J.
289 336 317 358 C.

260 390 309 418 41·

369 301 495 342 studio
513 301 741 343 sciscitandi
755 304 935 356 quisnam
961 304 1054 344 esset
1070 334 1082 353 ‚
1109 319 1200 344 eum
1218 307 1384 359 agnovit
1396 335 1409 356 ,
1427 308 1724 361 extra&umque
1737 337 1752 358 ,

369 369 409 405 ὅ(
426 379 501 421 prae
519 379 627 405 metu
645 367 693 407 ad
707 381 837 421 genua
852 366 920 407 fibi
936 367 1187 407 accidentem
1201 397 1214 417 ,
1240 369 1513 420 Imperatorem
1540 369 1752 418 salutavit3

368 433 408 469 &
437 429 486 468 ad
515 429 814 471 commilitones
839 430 1037 486 perduxit.
1062 431 1099 468 A
1124 429 1257 470 furore
1286 431 1335 471 ad
1361 433 1661 473 venerationem
1686 435 1753 474 sta-

365 495 440 532 tim
467 493 647 533 conversi
663 523 676 544 ,
693 493 807 533 illum
832 493 979 533 lefflcae
1008 494 1250 548 imponunt,
1268 497 1306 533 ὃ(
1334 494 1499 534 viciffim
1522 494 1754 537 succollan-

364 568 424 595 tes
451 556 493 594 in
521 557 642 597 castra
674 557 858 597 deferunt
885 557 1034 596 tristem
1058 571 1104 596 ac
1135 555 1333 612 trepidum
1351 586 1363 606 ‚
1397 555 1514 598 obvia
1544 559 1754 600 miserante

363 616 478 659 turba
510 623 519 640 ¹
539 650 552 670 ,
583 620 687 674 quasl
726 619 774 660 ad
811 634 973 674 poenam
1010 632 1213 674 raperetur
1240 619 1387 660 insons.
1415 621 1620 677 Receptus
1649 623 1753 663 intra

362 681 515 723 vallum
546 687 558 704 ²
575 713 588 733 ,
618 684 720 722 inter
747 681 934 723 excubias
960 682 1135 723 militum
1162 684 1438 739 pernociavit,
1467 685 1622 725 minore
1648 685 1716 741 spe
1734 715 1749 736 ,

363 743 481 799 quam
510 743 656 785 fiducia
685 751 712 786 ³.

426 809 531 847 VII.
568 809 754 848 PATRES
783 809 921 859 enim,
950 807 1177 850 libertatem
1203 810 1308 850 inter
1336 813 1375 850 ὃζ
1405 824 1533 850 novos
1561 810 1746 851 dominos

359 872 530 920 incerti,
547 871 678 913 adhuc
697 870 901 913 certabant
919 887 930 919 ;
950 888 996 913 ac
1014 874 1174 914 Sentius
1189 874 1424 913 Saturninus
1441 903 1454 923 ,
1477 872 1642 924 consul,
1659 889 1749 914 om-

362 935 472 973 nium
495 936 647 975 animos
681 935 730 975 ad
764 934 987 976 libertatem
1022 936 1146 976 ferme
1180 937 1306 976 erexit
1339 953 1346 976 :
1381 938 1560 977 hortatus
1588 942 1630 987 4,
1659 953 1681 974 «
1703 949 1749 978 ut

357 1011 506 1047 meam,
538 997 776 1054 insperatam
802 997 926 1049 licet,
956 999 1073 1039 deum
1107 1013 1240 1040 tamen
1270 999 1556 1041 immortalium
1580 1015 1745 1041 munere

355 1059 563 1101 »oblatam
580 1091 592 1111 ‚
620 1061 736 1102 Caffii
762 1061 933 1103 Chaereae
962 1062 1198 1103 fortitudine
1224 1063 1442 1114 adsertam,
1470 1061 1743 1119 amplexaren-

355 1136 451 1162 »tur
479 1140 487 1163 ε
518 1124 622 1165 diem
651 1126 757 1165 hanc
798 1123 866 1164 fibi
894 1124 1138 1180 gloriosam,
1179 1127 1341 1182 posteris
1378 1125 1506 1167 laetam
1524 1155 1536 1176 ,
1565 1125 1743 1168 aetatibus

353 1202 376 1222 >›
389 1186 571 1227 omnibus
592 1187 892 1229 memorandam
913 1189 1114 1229 facerent:
1135 1189 1333 1230 servituris
1349 1189 1472 1240 mala,
1490 1190 1744 1245 imperitante

352 1249 497 1293 »Julio
512 1250 662 1293 Caesare
685 1264 843 1307 coepta,
867 1253 1035 1307 Augusti
1059 1257 1099 1292 &
1120 1251 1273 1293 Tiberii
1297 1252 1584 1310 principatibus
1608 1254 1740 1304 auem,

1063 1401 1103 1430 Ut
1114 1399 1281 1430 Claudium
1300 1408 1443 1442 recepere
1458 1397 1635 1436 praetoriani
1654 1420 1662 1433 ‚
1696 1398 1743 1430 ita

350 1402 413 1421 tran
428 1393 486 1422 ac'ta'

405 1393 435 1437 s
512 1418 521 1431 '
1064 1450 1190 1478 quoque
1204 1446 1406 1477 praetorianos
1429 1437 1547 1476 recepit
1565 1437 1712 1468 Claudius
1728 1450 1740 1476 ;

552 1395 766 1435 quinquagffmo
792 1405 864 1425 anno
888 1395 1027 1433 imperium

352 1442 422 1468 cepit
446 1436 620 1471 quantumvis
645 1434 764 1464 mirabili
796 1436 867 1474 cafic.
893 1435 1027 1475 Exclufics

350 1471 422 1500 incer
446 1482 547 1501 ceteros
568 1474 601 1503 ab
627 1473 829 1514 insidiatoribus
852 1474 916 1504 Caii
933 1499 942 1512 ‚
968 1478 1026 1505 caim

348 1511 423 1549 quast
432 1512 567 1550 secretum
581 1524 609 1542 eo
633 1514 759 1551 (Caio)
781 1512 948 1553 dqfiderame
966 1525 1026 1544 tur-

348 1550 411 1579 Z‘nm
422 1552 645 1589 summoverenr,
667 1554 695 1583 in
720 1552 849 1590 diaetam,
867 1554 909 1582 cui
929 1565 1023 1584 nomen

349 1589 384 1627 ej}
398 1590 549 1620 Hermaeum
562 1615 571 1627 ,
591 1593 740 1632 receserat.
767 1593 862 1631 Neque
883 1593 1026 1633 multdpost

348 1639 454 1658 rumore
466 1630 550 1659 (κῶς
565 1633 713 1660 extersum
726 1656 734 1668 ‚
753 1631 883 1671 prorepfit
899 1632 934 1660 ad
947 1633 1024 1671 sola-

347 1669 418 1697 rium
435 1671 594 1704 proximum.
619 1671 773 1702 Solarium
794 1672 882 1701 locus
903 1681 967 1702 erat
990 1673 1023 1702 in

346 1707 462 1738 adibus
482 1709 629 1740 Romanis
652 1711 690 1741 ad
705 1711 905 1749 apricandum
927 1722 1022 1742 acco-

347 1748 492 1778 modatus
509 1760 518 1787 3
550 1749 642 1779 nobis
689 1750 783 1789 vulgo
820 1750 933 1781 dicitur
971 1761 1022 1780 une

347 1785 476 1826 Terrtzse.

387 1831 394 1844 ¹
429 1829 537 1859 Ossvm
575 1838 753 1859 MISERANTE
788 1839 889 1859 ‘ruam
907 1831 921 1866 ]
949 1831 1020 1861 Haec

344 1865 478 1896 totidem
506 1867 607 1896 verbis
630 1869 759 1898 Sueton.
791 1867 823 1897 in
845 1869 954 1899 Claud.
981 1872 1019 1900 X.

344 1904 483 1935 Pluribus
493 1905 639 1944 josephus
652 1930 660 1942 ‚
682 1906 789 1946 Antiq.
801 1907 870 1938 Jud.
883 1910 973 1944 XIX,
992 1920 1017 1947 3.

382 1949 394 1961 ²
418 1945 575 1974 chrrrus
602 1957 695 1976 isi-Ra
720 1948 871 1983 var-tum]
889 1949 1017 1978 Sueton.
1057 1961 1073 1987 p

343 1980 420 2012 ibid.
443 1985 592 2022 Receptus
612 1985 693 2015 intra
713 1986 830 2015 vallum
851 1987 1015 2018 castrorum

341 2023 609 2064 praetorianorum.
636 2024 719 2054 Facti
743 2026 896 2056 memoria
924 2027 1015 2058 exstat

342 2070 374 2088 m
410 2071 537 2092 nummo
565 2073 713 2102 argenteo
743 2065 772 2094 Ρ.
803 2065 985 2096 Chamillart
1004 2091 1012 2104 ‚

341 2109 433 2138 quem
449 2101 551 2131 laudat
565 2103 738 2133 Harduinus
757 2127 764 2138 ‚
783 2104 887 2133 Seleeza
903 2105 1012 2143 Opera,

339 2147 408 2176 pag.
429 2150 498 2177 7¹7·
531 2142 583 2171 TI.
617 2143 823 2174 CLAlevs
857 2146 1011 2175 CAESAR

339 2179 434 2208 AVG.
466 2181 494 2208 Ρ.
520 2181 560 2209 Μ.
579 2182 643 2210 ΤΗ.
668 2183 698 2211 Ρ.
724 2183 802 2211 ΙΜΡ.
827 2184 856 2213 Ρ.
878 2185 906 2213 P.
921 2192 1012 2223 caput

338 2217 462 2247 Claudii
478 2219 655 2249 laureatum.
669 2223 703 2250 In
719 2221 832 2259 postica
848 2232 950 2260 parte,
963 2223 1011 2253 vi-

337 2255 444 2287 suntur
459 2258 549 2287 castra
563 2260 701 2289 i'raetoria
715 2283 722 2294 ‚
749 2261 858 2299 quibus
877 2262 1009 2301 inscrip-

336 2302 402 2324 tum
429 2319 437 2333 ,
469 2298 600 2328 IMPER.
628 2299 765 2328 RECEP.
793 2300 825 2329 id
849 2301 913 2336 est,
950 2301 1008 2330 Im-

331 2342 457 2369 Jcrczrore
476 2346 581 2373 recepto
603 2347 620 2368 a
640 2337 824 2370 cohortibus
845 2341 1006 2378 praetoziis.

1062 1478 1095 1507 id
1112 1487 1230 1508 certum
1248 1477 1323 1507 facit
1333 1487 1477 1507 nummus
1495 1477 1572 1507 alter
1584 1500 1592 1513 ‚
1608 1478 1646 1506 ab
1662 1478 1741 1507 Har-

1063 1517 1160 1547 duino
1189 1525 1378 1547 memoratus
1394 1540 1403 1552 ‚
1438 1516 1492 1545 TI.
1531 1517 1738 1547 CLAVDIVS

1063 1558 1171 1586 CAES.
1209 1557 1303 1587 AVG.
1332 1555 1456 1586 GERM.
1487 1556 1517 1584 P.
1544 1556 1586 1585 M.
1615 1556 1681 1585 TR.
1704 1557 1738 1586 Ρ.

1062 1598 1163 1634 Caput
1188 1595 1313 1626 Claudii
1339 1595 1519 1624 laureatum.
1561 1596 1597 1624 ln
1630 1595 1738 1625 aversa

1061 1644 1144 1674 parte
1166 1658 1174 1671 ‚
1204 1635 1403 1665 PRAETOR.
1425 1634 1592 1664 RECEPT.
1621 1633 1652 1663 id
1674 1634 1736 1671 est,

1058 1675 1236 1710 Γναῖον-ἐπι]
1265 1674 1389 1709 receptis.
1414 1672 1574 1702 Tribunus
1596 1673 1736 1703 cohortis

1059 1713 1206 1752 praetoriae
1222 1713 1398 1752 paludatus,
1417 1720 1527 1742 tenens
1541 1712 1618 1741 laeva
1633 1712 1736 1751 Aqui-

1058 1754 1120 1782 lam
1138 1754 1343 1792 legionariam
1357 1774 1365 1786 ,
1389 1752 1528 1781 dextram
1543 1751 1658 1789 praebet
1668 1754 1738 1781 Au·-

1058 1793 1141 1831 gusto
1171 1800 1293 1831 togato.
1325 1790 1453 1830 Egregia
1477 1790 1736 1835 praetorianorum

1058 1832 1203 1862 voluntas
1223 1831 1373 1870 fimulque
1397 1830 1545 1868 Principis
1559 1829 1734 1860 humanitas

1056 1870 1181 1910 singulis
1209 1870 1297 1900 annis
1334 1870 1426 1900 novis
1448 1868 1582 1899 nummis
1606 1869 1733 1907 testata;

1056 1910 1129 1941 inde
1154 1910 1273 1940 nummi
1295 1909 1395 1948 paffim
1422 1908 1537 1945 obvii,
1565 1908 1597 1938 in
1620 1908 1732 1947 quibus

1078 1959 1164 1980 raeter
1185 1949 1289 1979 solitas
1301 1959 1396 1978 voces
1407 1970 1416 1983 ,
1434 1948 1514 1978 IMP.
1530 1948 1666 1977 RECEP.
1679 1947 1733 1991 ve}

1056 1990 1258 2019 PRAETOR.
1288 1988 1456 2018 RECEPT.
1482 1995 1632 2017 notantur
1655 1996 1731 2016 anni

1057 2028 1232 2059 tribuniciae
1257 2026 1412 2066 potestatis
1427 2025 1533 2057 tertius
1546 2049 1554 2061 ‚
1581 2034 1705 2065 quartus
1720 2048 1731 2063 ‚

1054 2067 1174 2105 sextus,
1192 2069 1254 2098 ἃς.
1267 2068 1334 2096 TR.
1347 2067 1523 2097 P.111.1111„
1540 2067 1592 2095 VI.
1609 2067 1672 2096 &c.

1095 2112 1104 2133 3
1129 2110 1229 2144 QUAM
1266 2117 1394 2136 fmucm
1415 2107 1428 2143 ]
1466 2104 1572 2134 Minor
1602 2103 1731 2147 quiden}

1054 2146 1116 2184 spes
1135 2147 1176 2177 ob
1192 2147 1340 2184 abjectam
1365 2144 1579 2183 trepidamque
1597 2143 1728 2186 Claud-11

1052 2194 1209 2221 mentem,
1232 2195 1267 2215 ac
1286 2184 1406 2215 senariis
1425 2182 1648 2213 dissensionem.
1670 2182 1727 2211 F1-

1052 2224 1143 2255 ducia
1154 2234 1259 2255 tamen
1273 2225 1315 2254 ob
1329 2222 1433 2252 viriles
1445 2221 1581 2251 militum
1592 2220 1727 2264 animos.

1088 2269 1102 2287 ⁴
1124 2265 1297 2294 Honrmus
1312 2263 1325 2299 ]
1343 2261 1530 2292 Orationem
1544 2262 1700 2290 Saturnini
1713 2283 1723 2295 ‚

1049 2302 1100 2332 sed
1113 2313 1168 2341 pro
1181 2312 1269 2332 more
1284 2301 1336 2331 suo
1358 2299 1595 2330 verbofiffimam
1608 2322 1615 2335 ‚
1630 2298 1724 2330 refert

1048 2341 1168 2380 Joseph.
1182 2341 1292 2380 Antiq.
1307 2339 1378 2372 Jud.
1394 2340 1466 2370 XIX
1480 2361 1491 2377 2
1508 2349 1538 2370 2.
1553 2348 1638 2369 num.
1654 2349 1685 2368 2.

1782 760 1830 786 10

1780 1073 1826 1113 15
