1952 2708
351 169 435 208 134
605 149 654 189 e.
722 134 1142 188 CORNELII
1211 142 1494 187 TAchr

406 233 507 275 XV.
540 229 660 270 TUM
681 229 815 281 Aper,
838 230 938 269 Non
959 228 1100 269 definis
1114 258 1127 279 ,
1149 226 1343 279 Messala,
1366 242 1501 269 vetera
1520 230 1674 269 tantum
1696 231 1739 270 ὃς

342 299 507 350 antiqua
534 294 699 344 mirari,
732 293 955 332 nostrorum
983 305 1116 332 autem
1155 304 1384 347 temporum
1411 293 1535 333 studia
1564 293 1737 334 inridere

341 374 462 415 atque
486 371 759 401 contemnere.
783 358 892 396 Nam
920 357 1028 396 hunc
1053 369 1167 395 tuum
1192 354 1417 396 sermonem
1442 356 1541 411 saepe
1567 358 1736 412 excepi,

342 428 435 467 cum
458 422 607 464 oblitus
629 426 669 462 ἂ
693 435 788 470 tuae‚
811 424 848 461 ὅ(
871 419 999 459 fratris
1022 420 1081 459 tui
1107 423 1115 439 ¹
1145 417 1404 471 eloquentiae,
1428 420 1630 459 neminem
1655 421 1737 460 hoc

341 502 525 543 tempore
550 499 750 527 oratorem
776 484 851 524 esse
875 482 1151 523 contenderes.
1184 482 1318 535 Atque
1345 482 1438 522 ideo
1466 482 1587 522 credo
1613 481 1734 523 auda-

342 554 426 593 cius
441 581 452 600 ‚
474 550 582 605 quod
604 549 770 602 maligni
794 549 834 586 in
856 547 902 586 iis
926 546 1162 601 opinionem
1186 560 1267 585 non
1287 544 1510 594 verebaris,
1535 547 1626 585 cum
1647 561 1736 586 eam

343 615 514 671 gloriam
535 644 547 663 ‚
571 628 688 667 quam
708 611 780 650 tibi
803 609 871 650 alii
893 608 1152 659 concedunt,
1179 608 1261 664 ipse
1286 608 1359 648 tibi
1386 608 1616 663 denegares·
1649 610 1737 649 Ne-

342 693 419 733 que
444 677 550 717 illius
575 707 586 726 ‚
615 675 749 729 inquit
769 703 782 723 ,
810 673 1002 712 sermonis
1032 673 1111 712 mei
1144 673 1415 728 paenitentiam
1451 686 1527 726 ago
1555 701 1567 722 ,
1605 685 1736 726 neque

340 755 408 782 aut
432 740 664 782 Secundum
679 768 690 787 ‚
718 750 785 777 aut
808 737 1042 776 Maternum
1058 765 1070 785 ,
1100 748 1167 776 aut
1188 735 1359 791 teipsum
1376 765 1386 784 ,
1410 736 1520 791 Aper
1536 765 1548 785 ‚
1571 738 1582 784 (
1603 750 1737 788 quam-

343 820 462 860 quam
490 802 689 843 interdurn
717 802 757 840 in
786 801 1032 840 contrarium
1055 799 1230 855 disputes
1257 802 1268 848 )
1294 799 1408 839 aliter
1430 799 1575 838 sentire
1599 799 1734 840 credo.

342 870 407 909 Ac
437 866 557 908 velim
585 867 841 921 impetratum
861 862 908 903 ab
934 862 1069 916 aliquo
1091 863 1286 911 vestrum,
1314 876 1358 903 ut
1383 863 1516 902 causas
1538 860 1655 914 hujus
1675 864 1738 902 -in-

343 933 462 972 finitae
491 930 722 970 differentiae
752 928 948 968 scrutetur
973 942 1019 966 ac
1044 925 1210 975 reddat,
1241 941 1334 980 quas
1361 940 1521 966 mecum
1549 925 1631 980 ipse
1656 924 1737 981 ple-

342 1008 510 1048 rumque
534 993 754 1046 conquiro:
789 995 829 1031 ἃ
855 989 963 1043 quod
992 989 1225 1042 quibusdam
1252 988 1401 1030 solutio
1428 990 1481 1028 est
1498 1019 1510 1037 ‚
1540 989 1638 1028 mihi
1667 1003 1738 1028 au-

345 1071 415 1112 get
442 1057 722 1110 quaestionem,
750 1055 842 1107 quia
867 1053 986 1092 video
1012 1054 1133 1092 etiam
1165 1053 1297 1093 Graiis
1327 1052 1511 1092 accidisse
1529 1081 1539 1100 ‚
1573 1064 1617 1091 ut
1647 1050 1739 1092 lon-

345 1123 432 1175 gius
459 1119 554 1159 abfit
582 1119 777 1159 AEschine
805 1120 846 1156 ὅ(
877 1116 1150 1155 Demosthene
1174 1115 1370 1155 Sacerdos
1400 1116 1467 1155 iste
1494 1116 1664 1155 Nicetes
1692 1118 1706 1135 ²
1724 1143 1736 1164 ‚

346 1187 388 1223 ὅ(
416 1183 441 1221 si
464 1183 550 1235 quis
580 1180 678 1221 alius
702 1179 906 1235 Ephesum
928 1177 994 1219 vel
1017 1176 1237 1231 Mitylenas
1262 1183 1272 1206 ³
1302 1178 1506 1218 contentis
1535 1176 1739 1217 scholasti-

346 1261 487 1287 corum
513 1243 756 1286 clamoribus
782 1248 798 1271 4
822 1243 949 1296 quatit
965 1271 976 1291 ‚
1001 1240 1118 1295 quam
1141 1241 1264 1291 Afer,
1287 1255 1355 1282 aut
1372 1241 1584 1282 Africanus
1607 1245 1648 1291 5,
1673 1254 1741 1282 aut

348 1324 420 1351 vos
449 1308 518 1364 ipsi
545 1324 566 1349 a
591 1308 821 1356 Cicerone,
851 1319 919 1345 aur
946 1305 1085 1344 Afinio
1111 1302 1128 1326 ⁶
1155 1305 1370 1345 recessistis.

408 1371 537 1413 XVI.
586 1370 814 1411 MAGNAM
834 1399 846 1419 ,
881 1369 1011 1422 inquit
1034 1367 1236 1407 Secundus
1269 1398 1282 1418 ‚
1317 1372 1357 1408 ὅ(
1385 1366 1547 1421 dignam
1573 1369 1741 1408 traEtatu

347 1436 601 1489 quaestionem
626 1434 804 1474 movisti:
835 1431 902 1472 sed
926 1433 1012 1485 quis
1035 1446 1120 1472 eam
1145 1430 1278 1483 justius
1304 1430 1592 1486 explicaverit,
1620 1430 1738 1484 quam

346 1512 390 1539 tu
406 1528 418 1551 ,
445 1498 494 1540 ad
517 1495 629 1549 cujus
659 1490 854 1537 summam
880 1495 1148 1536 eruditionem
1177 1498 1217 1534 &
1248 1494 1597 1550 praestantiffunum
1626 1495 1741 1549 inge-

388 1649 397 1664 ¹
422 1644 566 1675 anus
596 1644 669 1680 Tm]
694 1641 813 1683 Aquilii
835 1642 967 1682 Reguli;
987 1642 1025 1672 de

348 1694 412 1723 quo
432 1683 518 1722 supra
530 1683 603 1713 Hist.
624 1685 665 1713 IV
676 1707 685 1719 ‚
701 1694 750 1720 42.
769 1682 804 1712 Ei
816 1681 957 1712 insanum
968 1692 1026 1720 po-

347 1725 407 1754 ti‘us
430 1722 609 1762 ingenium,
630 1724 722 1762 quam
736 1721 918 1761 eloquentia
929 1744 938 1758 ,
953 1721 1025 1752 teste

347 1762 450 1793 Plinio
464 1786 473 1799 ‚
492 1764 521 1799 Ι,
532 1763 586 1800 Ep.
603 1772 629 1801 5.
642 1763 676 1792 ὃς
693 1765 752 1798 IV,
766 1763 820 1800 Ep.
838 1772 867 1799 7.

390 1806 399 1818 ²
422 1804 585 1832 Sacranos
612 1811 678 1831 ier
698 1803 860 1838 N1cfirrs]
877 1800 1025 1830 Sacerdos

349 1841 477 1872 Nicetes
491 1865 499 1877 ,
518 1843 689 1879 Smyrnaeus
709 1840 768 1870 fuit
782 1863 789 1875 ,
806 1839 912 1869 rhetor
929 1840 1024 1870 nobi-

349 1881 385 1910 lis
399 1904 407 1917 ‚
427 1891 444 1910 a
457 1888 561 1910 vetere
577 1880 703 1909 dicendi
716 1889 827 1919 genere
841 1879 959 1908 alienus
970 1902 978 1914 ,
992 1880 1025 1909 ἃ

348 1919 432 1958 quasi
452 1919 580 1949 numine
594 1919 708 1949 Bacchi
732 1920 829 1953 aelus,
852 1917 1026 1956 dithyram-

347 1960 406 1990 bos
433 1961 563 1989 canebat
584 1982 592 1995 ‚
616 1959 688 1989 teste
715 1957 896 1988 Philostrato
923 1981 931 1993 ‚
965 1957 1024 1986 Vis.

347 1998 456 2034 Soplzisf.
481 2009 545 2036 cap.
575 2009 619 2034 ¹9·
646 1997 806 2032 ’Υπέζιικχος
827 1996 877 2035 γὰρ
895 1998 935 2032 ,594¹
953 1996 1025 2026 διθυ-

350 2038 483 2076 ροιμῖῶδης
502 2047 508 2053 ·
527 2038 574 2069 τὰς
589 2037 615 2067 δ’
631 2037 715 2069 ἑννοίας
729 2037 799 2068 iolla
818 2050 844 2066 τε
862 2041 884 2075 ,9
901 2036 1025 2074 παραδέ-

348 2078 395 2111 ξες
418 2077 558 2107 ἐκδίδωσιν.
582 2077 673 2108 Licet
703 2087 720 2105 a
745 2075 881 2114 difiipulis
903 2086 956 2104 non
977 2086 1027 2104 αιι-

349 2116 403 2145 diri
432 2116 614 2147 desideraret
640 2140 649 2153 ,
677 2125 711 2146 ut
736 2115 841 2146 scribit
870 2116 987 2145 Seneca
1014 2139 1023 2151 ‚

1065 1643 1226 1679 mormius]
1248 1641 1365 1678 Quod,
1391 1639 1533 1679 corrupta
1552 1640 1632 1679 apud
1652 1641 1741 1672 Grae-

1065 1693 1117 1712 cos
1134 1680 1318 1720 eloquentia
1335 1704 1344 1715 ‚
1365 1689 1399 1711 ut
1424 1680 1573 1711 Sacerdos
1591 1679 1717 1710 Nicetes
1729 1705 1740 1718 ‚

1064 1721 1103 1751 fic
1132 1720 1238 1759 Ep‘hefi
1263 1721 1296 1750 ὃ(
1325 1720 1546 1759 Mitylenarum
1575 1719 1712 1749 rhetores
1730 1743 1741 1757 ‚

1064 1760 1208 1791 abstrusas
1243 1759 1408 1790 sententias
1441 1761 1475 1789 ὃ(
1508 1759 1569 1789 alte
1597 1758 1741 1790 sonantia

1064 1801 1161 1829 verba
1174 1799 1413 1838 aucupabantur.
1423 1797 1678 1835 Descholasticis,
1690 1798 1741 1830 seu

1064 1839 1259 1874 rhetoribus,
1278 1838 1351 1868 vide
1367 1837 1447 1868 infra
1468 1847 1534 1875 cap.
1548 1848 1599 1873 29.

1106 1883 1114 1904 5
1138 1880 1221 1907 Afra
1248 1889 1307 1907 Aur
1327 1879 1531 1913 Armcauus]
1563 1875 1741 1913 Quintilia-

1065 1927 1120 1946 nus
1134 1916 1221 1955 Instir.
1239 1916 1321 1946 Orat.
1344 1918 1420 1951 ΧΙΙ,
1444 1927 1488 1945 10.
1512 1916 1585 1944 zires
1597 1914 1742 1953 Africani,

1064 1957 1249 1985 maturiraeem
1278 1955 1342 1992 Afri
1366 1955 1578 1986 commendat.
1601 1955 1740 1986 Pluribus

1065 2007 1118 2026 eos
1144 1996 1323 2026 laudaverat
1353 1995 1439 2034 supra
1474 1994 1543 2024 libr.
1561 1996 1610 2030 Χ,
1633 2005 1658 2024 1.
1682 1993 1742 2023 Eo-

1065 2046 1140 2072 rum,
1161 2045 1224 2073 quos
1235 2034 1347 2064 viderim
1360 2059 1368 2069 ‚
1385 2034 1529 2064 Domitius
1544 2033 1631 2070 Afer,
1646 2033 1675 2062 fs*
1689 2032 1741 2062 Ju-

1065 2075 1117 2103 lius
1136 2075 1287 2112 Africanur
1299 2097 1308 2109 ‚
1330 2074 1408 2114 longe}
1428 2073 1645 2113 praestantiffz'mi.
1663 2072 1739 2102 Ver-

1066 2114 1156 2143 borum
1176 2125 1236 2144 arte
1267 2114 1312 2143 zlle
1334 2138 1342 2150 ‚
1379 2113 1408 2143 θ’
1435 2122 1488 2142 toto
1507 2123 1608 2152 genere
1631 2111 1742 2141 dicendi

350 2156 553 2186 Controvers.
586 2157 627 2186 IV
644 2180 652 2192 ‚
675 2166 714 2195 25
729 2179 738 2192 ,
767 2155 1024 2192 frequentabatur
1062 2153 1268 2190 praefhrendus,
1294 2164 1368 2192 quem
1388 2153 1415 2181 in
1437 2162 1544 2180 numero
1564 2161 1682 2180 veterum
1698 2151 1740 2180 lo-

350 2204 455 2226 tamen
468 2219 476 2228 .
495 2196 528 2226 ὃς
547 2195 725 2226 auditorem
746 2194 881 2225 Plinium
894 2194 1002 2224 habuit
1015 2217 1023 2230 ‚

350 2235 430 2265 Plin.
452 2236 517 2270 VI,
536 2236 589 2273 Ep.
605 2238 634 2264 6.

1065 2204 1128 2222 care
1149 2204 1202 2222 non
1226 2194 1322 2222 timeas
1345 2204 1352 2220 :
1375 2192 1417 2220 hic
1441 2191 1602 2220 concitatior
1622 2214 1630 2227 ‚
1645 2190 1694 2228 sed
1708 2190 1739 2219 irz

1066 2234 1131 2261 cumi
1147 2232 1285 2262 verborum
1300 2231 1418 2265 nimius,
1434 2230 1464 2259 ὓ
1474 2229 1656 2268 compostrione
1667 2240 1739 2258 notz-

391 2279 400 2300 3
435 2275 583 2304 Emesam
620 2285 679 2305 AUT
716 2273 900 2304 Mmuzms
932 2277 943 2307 ]
976 2273 1023 2303 De
1065 2282 1207 2310 numquam
1220 2268 1738 2311 longior,f7transtarionibusparum

350 2313 468 2352 Epheso
501 2313 616 2343 dietum
646 2313 731 2351 {upra
753 2312 866 2342 Annal.
894 2314 957 2350 111,
974 2316 1023 2343 61.
1065 2311 1194 2340 modicus.

351 2354 390 2384 de
405 2353 562 2392 Mitylenis
575 2376 582 2388 ‚
599 2353 759 2383 Annal.Vl
771 2376 779 2388 ‚
807 2354 852 2382 18.

1104 2352 1117 2370 ⁶
1139 2351 1276 2386 Asrmo]
1304 2349 1410 2380 Afinio
1428 2349 1593 2387 Pollione,
1615 2349 1652 2379 de
1673 2357 1738 2388 quo

390 2397 405 2416 ’ὃ
427 2393 605 2424 comeum
633 2401 916 2424 scHOLASTICORUM
948 2400 1024 2420 cm.-
1067 2389 1183 2422 dietum
1199 2390 1285 2429 supra
1300 2399 1366 2428 cap.
1390 2399 1437 2419 12.

1767 809 1819 838 10

1766 1441 1822 1470 20
