1952 2708
384 155 474 200 246
571 145 787 187 NOTAE
833 144 920 186 ET
963 144 1560 195 EMENDATIONES

381 229 415 260 δε
431 220 640 258 Maximiani
651 220 817 258 Herculii
836 221 1087 260 liberalitatem
1101 222 1258 259 aemulati
1273 223 1363 259 sunt.
1381 223 1517 260 Datum
1535 222 1589 259 bis
1606 224 1761 273 congia·

380 274 469 309 rium
484 285 624 306 nummos
639 273 780 307 millenos
795 275 981 319 quingenos,
1002 272 1152 308 Gallica:
1176 284 1332 309 monetae
1353 272 1459 309 libras
1475 285 1489 308 1
1501 286 1515 308 1
1526 273 1573 320 67
1587 301 1596 317 ‚
1615 273 1759 310 testatur

380 321 447 358 Ms.
456 320 668 357 Vindobon.
688 320 747 357 Ad
758 321 820 357 has
833 321 1059 358 liberalitates
1074 322 1168 358 forte
1186 323 1340 370 pertinet
1358 322 1541 359 rarisfimus
1550 323 1760 359 Maximiani

379 371 544 407 Herculii
557 383 718 406 nummus
731 399 740 413 ,
754 383 858 420 quern
868 382 1042 407 memorat
1054 371 1278 415 Harduinus,
1292 373 1411 407 selena
1426 373 1532 418 Opera
1545 401 1553 416 ,
1569 386 1650 422 pag.
1667 384 1756 420 450.

379 420 642 457 MAXIMIAN
650 420 703 455 VS
725 419 764 457 P.
779 422 815 456 F.
833 420 950 456 AVG.
967 420 1084 468 capite
1100 420 1251 458 radiato.
1268 422 1312 456 In
1329 421 1465 469 postica
1479 432 1590 470 parte,
1606 422 1759 459 ABVN-

379 469 581 506 DANTIA
607 469 761 506 AVGG.
789 469 855 505 ET
883 469 1043 506 CAESS.
1072 470 1155 505 NN.
1180 472 1258 507 Dea
1280 470 1432 506 effundit
1458 472 1668 518 pecuniam,
1696 484 1759 509 ex-

380 519 537 568 cipiente
560 531 637 555 earn
656 530 736 556 ante
756 519 864 568 pedes
886 519 1034 556 homine
1058 519 1229 568 supplice.
1252 519 1334 555 Post
1354 519 1602 556 Constantium
1622 525 1656 557 ὃς
1678 521 1760 557 Ma-

380 568 576 606 ximianum
598 568 697 605 nulla
716 580 956 605 memorantur
981 569 1177 618 congiaria.
1198 569 1383 618 Nusquam
1406 570 1444 605 in
1469 570 1621 605 nummis
1647 583 1760 618 appa-

380 630 459 655 rent
477 618 644 661 nomina,
671 617 1017 662 CONGIARIVM,
1039 618 1386 662 LIBERALITAS,
1407 618 1759 658 ABVNDANTIA.

381 667 548 705 Divisum
571 669 667 705 enim
692 667 880 716 imperium
903 667 995 702 nihil
1020 668 1129 706 ferme
1151 668 1280 706 veteris
1302 668 1578 718 magnificentiae
1600 669 1758 706 retinuit.

432 767 517 803 NEC
547 777 745 802 DrvaTrs
767 770 785 813 ]
816 766 942 802 Mallet
962 767 1149 804 Acidalius
1162 794 1173 812 ‚
1198 781 1236 804 ne
1257 767 1423 804 dividatis.
1449 768 1499 804 At
1520 767 1611 803 nihil
1634 778 1760 817 peccat

381 827 482 853 vetus
508 816 690 865 scriptura.

431 915 538 950 CAP.
565 913 701 950 XVIII.
729 914 931 956 ANTrouos
961 928 1112 952 MERITo
1142 922 1409 965 VOCAREMUs]
1440 919 1571 956 Melius
1612 919 1650 955 in
1682 917 1760 953 Mss.

381 965 498 1001 Varie.
522 965 651 1013 quofilue
675 965 754 999 alios
778 968 887 1000 meriti)
912 970 1057 1014 antiquos
1083 970 1310 1006 vocaverimus.

434 1014 615 1050 IMPoLrTr
636 1017 653 1059 ]
685 1014 888 1050 Corbinelli
915 1015 1126 1052 emendabat
1149 1018 1352 1066 incompofici.

428 1063 595 1099 UTINAM
625 1075 753 1099 NULLA
779 1076 905 1100 PARTE
936 1076 1120 1102 IMITATUS
1149 1079 1256 1102 ESSET
1280 1072 1297 1114 ]
1329 1068 1385 1103 Ita
1414 1066 1490 1102 ΜΠ.
1517 1066 1634 1102 Vatic.
1662 1066 1760 1102 Male

380 1122 514 1148 veteres
535 1112 713 1149 editiones
728 1141 736 1155 ‚
766 1116 888 1148 utinam
910 1116 1055 1151 imitatus
1077 1116 1155 1164 estet.
1182 1115 1315 1165 Lipfius
1334 1120 1367 1152 ὃς
1388 1116 1618 1153 Recentiores
1642 1128 1762 1152 emen-

382 1161 577 1206 daverant,
608 1165 753 1197 imitatus
776 1176 837 1198 non
861 1164 939 1212 effer.

430 1213 593 1248 MUTARI
624 1223 703 1247 CUM
731 1224 966 1249 TEMPossfflUs
992 1217 1009 1260 ]
1039 1214 1096 1250 Ita
1120 1224 1255 1252 veteres
1278 1215 1455 1253 editiones
1477 1219 1510 1252 ὃς
1533 1215 1760 1251 recentiores.

380 1261 425 1296 In
447 1261 571 1297 mediis
595 1261 829 1310 quibusdam,
857 1274 1003 1299 mutare:
1028 1264 1127 1313 quod
1150 1266 1295 1314 quidem
1321 1266 1471 1302 latinum
1495 1265 1554 1302 est.
1585 1264 1644 1300 Sic
1666 1264 1764 1300 enim

380 1309 504 1346 Livius
535 1310 708 1353 XXXIX,
741 1323 800 1361 51.
839 1315 946 1348 Mores
968 1316 1091 1362 quidem
1115 1318 1227 1361 populi
1254 1317 1393 1352 Romani
1425 1316 1578 1365 quantum
1613 1325 1764 1349 mutave-

382 1363 468 1402 rint,
494 1362 545 1395 vel
572 1362 620 1396 hic
642 1361 705 1396 dies
729 1373 913 1409 argumento
940 1366 1011 1398 erit.

434 1410 591 1445 Pomm
622 1423 780 1451 QUOQUE
806 1414 823 1456 ]
853 1411 909 1447 Ita
944 1412 1021 1448 Mff.
1047 1413 1164 1449 vatic.
1189 1415 1222 1450 A
1246 1415 1345 1450 libris
1373 1413 1477 1451 editis
1501 1412 1597 1450 abest
1630 1424 1759 1461 quoque.

382 1458 474 1494 lliox
494 1471 573 1507 cap.
595 1459 666 1508 seq.
684 1461 827 1506 formam
854 1475 970 1509 quoque
987 1476 1023 1497 ac
1043 1464 1187 1509 speciem.

431 1508 493 1543 Src
519 1509 676 1544 CATONI
699 1513 716 1555 ]
747 1509 802 1544 Ita
824 1509 901 1544 ΜΠ.
927 1511 1041 1547 Vatic.
1064 1512 1106 1547 In
1125 1512 1304 1549 veteribus
1326 1511 1564 1555 editionibus,
1579 1511 1680 1559 ficati
1702 1513 1763 1547 Ca-

383 1561 461 1594 toni.
486 1557 528 1592 In
555 1557 813 1594 recentioribus
828 1559 924 1606 ficut.

436 1609 515 1642 PRO
545 1607 710 1643 CATONE
734 1611 750 1653 ]
780 1608 983 1645 Grossotius
1004 1611 1224 1658 mallet,prae
1237 1614 1367 1647 Catone.
1384 1610 1440 1648 Ita
1454 1623 1600 1662 quoque
1615 1610 1763 1647 Schurz-

383 1655 561 1692 fleischius
576 1683 586 1699 ,
616 1657 675 1693 vel
706 1661 807 1704 magis
832 1658 1071 1696 omittendum
1095 1661 1224 1697 censet.

434 1707 511 1742 SED
541 1718 662 1742 sUPssA
691 1718 837 1743 MODUM
863 1711 880 1753 ]
911 1708 966 1744 Ita
988 1709 1065 1748 ΜΠ.
1088 1711 1205 1747 Vatic.
1227 1711 1287 1747 Sed
1305 1708 1399 1746 abest
1422 1721 1443 1744 a
1464 1708 1564 1744 libris
1588 1707 1703 1745 editis.

418 1836 441 1858 M
450 1834 469 1858 A
479 1836 523 1858 XE
534 1836 556 1859 N
565 1837 587 1859 T
596 1837 609 1859 1
618 1837 659 1859 US
687 1835 745 1867 imp.
766 1844 822 1860 ann.
852 1844 888 1861 νι.
920 1836 975 1859 Hoc
996 1835 1052 1866 imp.
1095 1834 1230 1866 exemplum
1243 1834 1361 1867 corrigam
1373 1851 1380 1860 ,
1400 1843 1440 1859 aut
1451 1834 1575 1866 explicabo
1588 1842 1594 1856 ι
1605 1833 1711 1866 pluribus
1722 1834 1764 1858 im-

384 1870 497 1900 rsmplum
509 1871 593 1893 Romae
609 1868 662 1893 arfir
680 1872 704 1893 δε
714 1870 854 1894 fabricatum
865 1878 872 1898 3
894 1872 917 1893 ἃ·
935 1877 1018 1892 termas
1028 1870 1053 1892 in
1091 1870 1179 1894 motari
1189 1869 1286 1901 longius
1297 1869 1357 1892 foret
1368 1871 1391 1892 δε
1402 1871 1606 1900 supervacaneum.

384 1903 474 1934 palatio
495 1903 549 1927 fecit
566 1921 571 1930 ,
593 1906 617 1927 δε
637 1904 735 1927 Circum
751 1905 776 1928 in
793 1904 960 1928 Caracumbas.
972 1903 1053 1926 Fames
1124 1904 1155 1926 In
1166 1903 1275 1934 Augusto
1287 1919 1294 1930 ,
1314 1902 1385 1926 vitria
1406 1903 1431 1926 ἐπ’
1451 1902 1574 1934 opoliscum
1593 1909 1636 1933 pro
1647 1901 1723 1926 vitrea
1737 1901 1763 1926 (ε’

385 1945 470 1968 magna
488 1937 541 1960 fuir.
555 1938 661 1961 Romani
672 1946 795 1961 traxerunt
806 1938 905 1960 militem
918 1936 1054 1960 Moeliacum
1091 1937 1222 1967 obeliscum.

384 1972 407 1993 δε
419 1969 486 1993 occifi
498 1972 551 1994 sunt
562 1971 667 1995 Romani
679 1980 691 1994 a
703 1972 818 1995 militibus
834 1972 944 1994 homines
956 1979 991 1994 vr.
1004 1971 1054 1993 Ro·
1125 1972 1156 1993 In
1169 1969 1274 1994 Claudio
1283 1987 1289 1997 ‚
1299 1969 1415 1993 vener-arii
1430 1978 1473 2001 pro
1485 1969 1613 1994 venenarii.

384 2005 459 2026 manis
472 2006 584 2028 omnibus
597 2013 695 2028 aureum
705 2004 822 2029 indixit&
833 2004 958 2028 dederunt.
975 2003 1055 2027 Fossa·
1125 2005 1156 2027 In
1168 2005 1265 2028 Nerone
1275 2021 1281 2031 ‚
1301 2004 1378 2027 clavos
1399 2003 1532 2035 galligares
1552 2012 1596 2035 pro
1615 2002 1693 2027 clavos
1703 2001 1758 2028 cali-

385 2044 435 2059 tum
454 2037 531 2061 ferunt
544 2056 550 2065 ,
571 2038 608 2061 sed
624 2047 675 2063 non
687 2038 792 2070 perfecit.
807 2039 904 2063 Occisus
916 2037 944 2061 ad
955 2046 1055 2069 pontem
1091 2046 1162 2070 gares
1175 2056 1180 2065 ,
1203 2039 1244 2070 qui
1255 2038 1357 2061 militum
1367 2038 1447 2069 caligis
1458 2037 1673 2060 substernebantur.

385 2071 503 2094 Mulvium
516 2073 540 2094 in
552 2073 664 2095 Tiberim.
1126 2073 1158 2094 In
1169 2073 1230 2095 Veto
1243 2089 1249 2099 ,
1270 2071 1376 2103 infigiem
1387 2079 1429 2102 pro
1442 2071 1465 2094 in
1477 2071 1583 2102 effigiem.

419 2105 443 2126 M
452 2104 472 2127 A
482 2106 501 2127 Χ
509 2106 520 2127 1
530 2107 573 2128 311
582 2106 602 2129 Α
610 2107 629 2131 N
639 2108 658 2129 U
667 2107 682 2130 S
691 2106 749 2137 imp.
759 2113 816 2129 ann.
827 2115 864 2131 1x-
875 2114 907 2128 m.
919 2114 978 2129 vur.
987 2104 1002 2128 d
1019 2114 1055 2129 vr.
1127 2106 1159 2128 In
1171 2105 1308 2128 Alexandro
1316 2122 1322 2132 ‚
1333 2104 1411 2135 cistam
1421 2122 1429 2132 ,
1450 2105 1551 2128 laHucas
1563 2103 1673 2136 intelligo
1683 2102 1762 2134 cistam

385 2137 483 2160 Occizus
494 2141 576 2163 Tarso.
1093 2139 1189 2163 lactucis
1203 2140 1304 2171 plenam.
1323 2138 1410 2169 Cistam
1426 2155 1432 2165 ,
1448 2138 1530 2162 cardos
1541 2136 1762 2168 cumfimsfibispi-

418 2171 503 2194 LICI
514 2173 533 2195 N
543 2174 607 2196 IUS
626 2173 684 2205 imp.
705 2181 763 2197 ann.
781 2181 827 2198 xv.
847 2180 878 2197 m.
900 2181 948 2196 ιω.
962 2171 983 2195 d.
998 2180 1055 2196 xvx.
1094 2181 1135 2197 nas
1147 2190 1152 2200 ‚
1173 2173 1197 2196 id
1217 2173 1248 2197 est
1259 2191 1266 2200 ,
1281 2172 1362 2197 cistam
1382 2172 1478 2203 plenam
1498 2171 1588 2195 carduis
1605 2179 1661 2195 cum
1677 2177 1760 2194 cotum

385 2204 482 2227 Occisus
493 2206 667 2231 Thetialonica.
1094 2207 1172 2238 spinis.

1128 2242 1159 2264 In
1169 2240 1260 2264 Carino
1281 2241 1305 2264 δε
1324 2238 1471 2263 Numeriano
1484 2255 1490 2265 ,
1507 2238 1583 2270 primo
1598 2239 1630 2262 im
1649 2235 1761 2260 mendose

418 2272 537 2295 Hactenus
554 2274 595 2296 Ms.
607 2273 714 2297 codicem
724 2273 937 2298 vindobonensem
948 2281 1002 2297 cum
1012 2273 1056 2297 suis
1094 2274 1203 2305 scriptum
1218 2273 1310 2297 videtur
1318 2281 1362 2304 pro
1369 2272 1439 2303 scena
1450 2272 1552 2304 Pompeii
1567 2280 1592 2295 ut
1602 2272 1717 2301 conjicere
1728 2270 1761 2293 cst

386 2305 505 2328 erroribus
526 2308 685 2336 repraesentavi
699 2325 705 2334 ,
724 2316 754 2330 ne
767 2307 867 2330 infititiis
888 2307 1057 2330 emendationi-
1095 2316 1123 2331 ex
1136 2309 1162 2331 iis
1173 2315 1225 2339 quae
1234 2308 1364 2338 sequuntur
1376 2308 1400 2329 in
1414 2306 1578 2329 Diocletiano.

385 2337 427 2360 bus
439 2339 513 2362 hiaret
524 2342 597 2371 magis
610 2358 616 2366 ,
635 2341 707 2372 quam
727 2341 890 2364 illustraretur.
903 2342 972 2364 Nunc
983 2341 1038 2363 vero
1050 2358 1056 2367 ,
1128 2342 1159 2364 111
1171 2340 1325 2364 Diocletiano
1336 2358 1342 2368 ‚
1361 2347 1428 2372 parce
1447 2340 1533 2364 ieorum
1549 2339 1660 2372 scriptum
1671 2337 1761 2364 viderur

387 2371 427 2395 nbi
438 2372 532 2397 nullum
545 2374 575 2397 est
589 2374 735 2401 obscuritatis
751 2375 883 2406 periculum
892 2392 900 2403 ,
913 2374 1021 2408 quaedam
1031 2375 1057 2399 in
1094 2382 1211 2408 propatre
1222 2374 1312 2399 iterum.
