1952 2708
160 819 212 847 10

670 152 713 192 G
744 149 778 190 E
810 151 852 192 R
885 145 935 190 M
967 149 1006 190 A
1037 154 1081 193 N
1115 153 1136 193 I
1168 151 1220 196 A.
1575 169 1628 211 55

241 236 349 279 cium
365 261 379 283 ,
406 231 475 273 sed
497 229 656 287 penitus
670 258 684 280 ,
720 242 839 283 atque
863 229 906 268 in
926 227 1234 284 splendidissima
1254 234 1390 276 Raetiae
1413 236 1633 292 provinciae

233 294 405 340 colonia
429 301 465 336 ¹:
493 294 628 351 passim
649 297 690 335 &
715 293 795 334 sine
819 292 982 334 custode
1009 296 1023 313 ²
1046 293 1282 342 transeunt3
1310 302 1351 337 ὃς
1374 302 1464 340 cum
1492 303 1635 344 ceteris

240 359 428 416 gentibus
455 374 561 400 arma
587 358 712 400 modo
733 358 934 411 castraque
957 357 1087 398 nostra
1103 357 1377 409 ostendamus,
1394 363 1455 402 his
1472 364 1638 417 domos,

241 423 436 478 villasque
460 423 750 480 patefecimus,
778 436 859 461 non
889 420 1272 477 concupiscentibus
1300 427 1328 463 ³.
1354 423 1402 463 In
1431 425 1639 469 Hermun-

243 487 347 528 duris
373 486 488 528 Albis
525 488 651 527 oritur
672 491 716 537 4,
741 485 894 526 flumen
918 483 1106 526 inclitum
1134 489 1174 526 ὃς
1203 498 1347 526 notum
1375 486 1501 536 olim3
1529 505 1641 535 nunc

242 553 398 592 tantum
420 551 578 592 auditur
602 555 629 590 5.

305 614 458 656 XLII.
492 615 516 659 J
527 626 659 655 UXTA
691 612 1000 655 Hermunduros
1023 613 1067 653 N
1070 613 1184 654 arisei
1213 610 1230 634 ⁶
1246 643 1260 664 ‚
1287 628 1334 654 ac
1358 614 1502 656 deinde
1524 617 1639 660 Mar-

240 680 431 720 conranni
456 684 470 706 ⁷
494 682 534 719 ὃς
557 677 695 733 Quadi
718 674 732 699 ⁸
758 690 896 732 agunt.
916 678 1119 733 Praecipua
1145 677 1533 719 Marcomannorum
1554 682 1639 736 glo-

240 743 298 783 ria
318 742 500 797 viresque
516 773 528 793 ,
558 747 676 796 atque
701 742 784 798 ipsa
807 742 928 782 etiam
947 741 1056 782 sedes
1070 772 1083 792 ‚
1111 740 1228 797 pulsis
1250 740 1349 782 olim
1364 742 1476 783 Boiis
1497 748 1513 771 9
1527 773 1540 794 ,
1565 746 1638 784 vir·

242 819 328 847 tute
365 820 488 863 parta.
513 808 606 848 Nec
629 806 789 847 Narisci
816 805 1005 860 Quadive
1032 804 1278 860 degenerant
1304 811 1351 847 ¹0.
1375 806 1511 861 anue
1536 808 1639 848 Ger-

240 871 380 911 mania:
406 869 519 912 velut
542 870 652 911 frons
677 871 730 911 est
745 900 758 921 ,
788 883 982 924 quatenus
1012 868 1206 910 Danubio
1238 871 1430 926 pergitur.
1465 871 1634 913 Marco-

239 999 294 1021 eos
314 990 393 1022 vicit
413 1015 422 1028 ‚
455 990 631 1031 principatu
648 1015 657 1028 ‚
686 990 914 1030 conspiravere.
995 990 1008 1008 ⁶
1030 989 1194 1028 Nmsm]
1230 992 1316 1021 Inter
1341 991 1580 1022 Hermunduros
1603 993 1637 1026 &c

238 1030 319 1062 Vide
336 1031 509 1070 Capitolin.
531 1031 564 1061 in
584 1032 676 1061 Marc.
691 1031 794 1060 Aurel.
816 1033 914 1061 XXII.
956 1029 1199 1060 Marcomannos
1220 1030 1305 1061 fuere
1322 1031 1460 1067 Narisci,
1485 1031 1539 1062 ubi
1553 1042 1638 1064 nunc

280 1075 288 1089 ¹
314 1071 486 1108 Comum]
512 1071 643 1110 Augusta
656 1071 915 1107 vindelicorum,
952 1071 1045 1106 partie
1057 1069 1089 1099 de
1102 1070 1129 1099 [a
1142 1070 1262 1100 Baviere
1281 1080 1358 1100 entre
1375 1070 1403 1099 la
1420 1070 1536 1101 ΒοΙιέηιε
1559 1071 1590 1102 ὓ*
1610 1072 1637 1102 le

236 1119 320 1140 nunc
334 1110 480 1149 Ausbourg
500 1135 508 1146 ‚
530 1111 770 1150 splendidislima
786 1110 916 1140 colonia
955 1109 1090 1139 Danube.

236 1149 410 1187 provinciae
425 1150 528 1181 Raetiae
540 1174 549 1188 ,
579 1151 664 1188 cujus
678 1158 751 1180 tunc
772 1160 839 1188 pars
853 1158 916 1180 erat
996 1155 1008 1173 7
1032 1150 1281 1186 ΜΑΚεοΜΑΝκι]
1305 1150 1399 1180 Nunc
1412 1149 1437 1178 la
1448 1149 1574 1180 ΒοΙιένηε.

236 1188 426 1220 Vindelicia.
996 1188 1008 1208 ⁸
1029 1189 1072 1220 Er
1096 1190 1231 1226 Quam]
1252 1190 1357 1226 Quadi
1381 1213 1390 1226 ,
1415 1199 1498 1220 nunc
1518 1189 1546 1218 la
1567 1189 1637 1220 Mo-⁵

278 1231 289 1244 ²
312 1231 384 1259 Siue
419 1239 558 1260 cusromz
577 1231 591 1267 ]
625 1228 676 1259 Ob
698 1227 914 1266 pacem&so-
955 1228 1054 1263 rme,
1079 1227 1108 1257 Cr
1128 1228 1219 1264 pariis
1231 1227 1262 1258 de
1274 1229 1429 1258 l‘Aurriche
1439 1239 1516 1258 entre
1528 1229 1552 1258 le
1562 1229 1636 1259 Da-

235 1266 383 1299 cietatem
394 1279 464 1299 cum
475 1268 623 1298 Romanis
634 1266 815 1297 incustoditi
829 1275 915 1296 erant
954 1266 1025 1295 nube
1039 1266 1068 1295 Cf
1079 1267 1105 1295 la
1118 1267 1256 1297 Moravie.
1276 1268 1323 1298 De
1333 1268 1453 1306 Quadis
1463 1291 1472 1303 ‚
1493 1270 1637 1301 Valenti-

236 1307 377 1338 transitus
391 1310 424 1338 ὃς
437 1307 499 1337 fine
512 1307 625 1346 pretio.
651 1306 731 1338 Vide
743 1306 913 1345 lupraHist.

235 1347 300 1383 IV,
330 1351 379 1387 65.

277 1391 286 1412 3
313 1388 386 1418 Nou
415 1390 734 1431 consummari-rmus]
756 1386 817 1416 Has
839 1396 913 1424 opes

235 1425 452 1457 Romanorum
464 1435 556 1466 atque
572 1426 699 1458 delicias
714 1436 779 1456 non
793 1435 912 1455 concu‹

235 1465 393 1504 piscebant
408 1466 637 1501 Hermunduri,
661 1466 720 1496 suis
735 1465 892 1509 contenti.

275 1510 290 1529 4
312 1508 404 1536 Atius
430 1508 572 1543 οκιτυκ]
605 1507 661 1536 Hic
682 1514 761 1536 errat
777 1513 912 1544 graviter

235 1545 365 1575 Tacitus
383 1568 392 1582 ‚
410 1544 431 1574 fi
447 1544 570 1576 fontem
588 1546 671 1585 Egrae
690 1569 699 1583 ‚
717 1544 831 1583 l’Eger‚
857 1545 911 1583 qui

235 1583 269 1614 in
287 1584 513 1615 Hermunduris
533 1585 633 1615 oritur
645 1609 654 1622 ‚
674 1594 745 1615 cum
756 1585 846 1614 fonte
859 1585 913 1614 Al-

234 1623 283 1654 bis
295 1648 303 1661 ,
331 1624 421 1653 l‘fflhe
435 1648 444 1660 ‚
467 1625 521 1663 qui
538 1634 602 1655 erat
617 1625 698 1664 apud
716 1625 912 1655 Marcoman-

233 1673 293 1693 nos
323 1663 355 1693 in
380 1664 514 1694 Boiemo
536 1688 546 1701 ‚
583 1664 610 1693 la
634 1664 750 1695 Βοὴέιηε
767 1688 776 1700 ,
801 1664 913 1695 confu-

234 1703 325 1733 derit.
342 1703 499 1742 Inclyrum
513 1703 642 1743 quidem
657 1703 735 1734 olim
748 1714 784 1734 ac
800 1712 912 1734 notum

233 1743 322 1773 Albis
340 1744 457 1773 flumen
480 1743 567 1773 Drusi
583 1768 591 1779 ‚
613 1743 758 1779 Tiberii,
776 1744 911 1774 Domitii

233 1782 392 1820 victorii&
409 1792 440 1813 at
451 1806 459 1819 ‚
473 1783 528 1813 diu
548 1783 579 1813 in
598 1783 658 1814 hoc
671 1783 846 1814 Germaniae
861 1794 912 1822 pe—

233 1822 345 1852 netrali
375 1822 535 1853 silentibus
565 1823 656 1854 bellis
680 1847 689 1861 ,
717 1825 824 1854 Romae
845 1832 913 1853 tan-

233 1863 301 1891 tum
321 1861 403 1892 famil
414 1862 608 1893 audiebatur.
623 1864 700 1894 Inde
712 1863 742 1893 in
760 1862 910 1902 signando

233 1901 320 1931 Albis
346 1901 436 1932 fonte
448 1902 679 1942 Geographicas
696 1904 911 1934 Romanorum

233 1941 353 1971 tabulas
379 1942 511 1972 minime
532 1951 687 1973 accuratas
714 1943 800 1973 fuilse
823 1943 912 1972 vidc-

233 1988 293 2010 tur.
322 1981 417 2011 Forte
447 1990 551 2012 tamen
584 1982 795 2012 Hermunduri
810 2005 819 2017 ‚
839 1985 911 2012 cum

235 2019 267 2049 in
282 2019 421 2050 exercitu
441 2021 631 2052 Marobodui
648 2022 843 2059 militalsent‚
862 2022 909 2052 se—

235 2059 288 2089 des
303 2069 449 2097 accepere
462 2060 495 2089 in
507 2060 542 2090 ea
555 2070 638 2099 parte
650 2062 772 2092 Boiemi
783 2086 791 2098 ,
808 2061 839 2091 in
851 2062 910 2101 qua

234 2098 323 2128 Albis
346 2099 453 2129 oritur.
470 2100 560 2129 Tunc
588 2101 690 2130 nullus
712 2102 795 2131 foret
806 2101 911 2131 Taciti

234 2148 322 2169 error
334 2161 342 2175 ‚
356 2146 390 2169 ut
404 2139 511 2168 videre
535 2138 576 2168 est
590 2140 670 2177 apud
685 2140 840 2170 eruditum
854 2141 912 2170 Ec-

234 2178 361 2209 cardum
375 2202 384 2215 ,
415 2177 446 2207 de
471 2177 561 2206 Rebus
584 2178 714 2209 Francz'ae
734 2179 910 2218 Orientalis,

233 2219 329 2249 Tom.
351 2219 384 2254 1,
403 2228 469 2257 pag.
482 2228 512 2255 7.

278 2263 286 2285 5
311 2258 450 2287 TANTUM
474 2260 641 2296 nunu-un]
674 2258 761 2289 Olim
781 2282 790 2296 ‚
809 2259 911 2289 vichi-

235 2296 320 2328 tibus
331 2298 547 2328 Romanorum
555 2298 646 2328 armis
655 2322 662 2333 ‚
676 2307 788 2330 notum
799 2310 806 2326 ε
816 2310 910 2335 nunc,

233 2337 475 2375 praepotentibus
489 2338 720 2369 Germanorum
733 2340 824 2368 rebus
838 2363 846 2374 ,
863 2339 911 2369 fa-

233 2375 284 2446 ia}
304 2379 423 2408 tantum
446 2377 581 2410 auditur.
596 2378 676 2411 Vide
690 2378 780 2418 supra
795 2379 911 2410 Annal.

285 2438 295 2454 θ
315 2426 365 2455 44·

955 1306 1043 1336 niani
1058 1307 1092 1338 ὃς
1102 1306 1242 1337 Valentis
1254 1316 1355 1343 aetate,
1365 1308 1545 1339 Ammianus
1554 1311 1636 1340 Mar-

955 1346 1087 1376 cellinus
1101 1370 1109 1383 ‚
1134 1348 1236 1376 XXIX
1257 1370 1266 1383 ,
1294 1357 1340 1386 ¹5·
1377 1347 1538 1386 Quadorum
1557 1351 1637 1380 natio

953 1395 1024 1414 motu
1044 1386 1079 1424 est
1092 1386 1183 1415 excita
1202 1387 1342 1422 repentino
1353 1409 1362 1423 ,
1379 1397 1476 1423 parum
1491 1388 1634 1425 nuncfor-

954 1425 1084 1454 midanda
1096 1450 1105 1462 ‚
1123 1425 1173 1463 sed
1188 1426 1343 1465 immensum
1367 1436 1497 1465 quantum
1515 1428 1634 1458 amellae·

953 1465 1084 1495 bellatlz'x·
1111 1465 1141 1495 Cr*
1170 1475 1267 1503 potens
1287 1490 1297 1504 ‚
1335 1475 1364 1494 ut
1388 1465 1516 1496 indicant
1535 1478 1634 1506 perpe-

953 1514 1039 1535 trara.

992 1550 1005 1569 9
1028 1546 1138 1583 Bous]
1161 1545 1224 1583 Qui
1249 1555 1297 1576 eas
1322 1545 1466 1585 regiones
1490 1546 1567 1577 olim
1589 1555 1635 1578 te-

951 1595 1047 1615 nuere
1059 1609 1068 1621 ,
1085 1586 1119 1616 &
1131 1586 1264 1616 Boiemo
1283 1595 1400 1615 nomen
1419 1586 1562 1617 indidere
1575 1611 1583 1623 ‚
1598 1595 1634 1620 ut

952 1624 1067 1655 dicium
1091 1625 1130 1655 est
1146 1625 1232 1664 supra
1251 1635 1316 1663 cap.
1332 1627 1381 1655 28.
1396 1627 1633 1663 Marcomanni,

951 1673 1120 1703 antequam
1134 1665 1230 1696 Boios
1245 1665 1415 1703 pellerent,
1429 1665 1507 1695 haud
1523 1668 1633 1704 procul

952 1703 1095 1734 fontibus
1109 1705 1249 1735 Danubii
1266 1704 1465 1741 habitavere,
1482 1706 1535 1735 ubi
1550 1717 1634 1738 nunc

951 1743 975 1772 le
992 1743 1094 1772 Duche'
1107 1743 1139 1772 de
1154 1744 1348 1782 Wirteml‘erg
1366 1754 1376 1778 ,·
1399 1746 1430 1775 ὃ(
1453 1746 1538 1783 quod
1556 1747 1634 1776 Ger-

951 1784 1061 1814 maniae
1072 1783 1207 1814 limitem
1222 1784 1399 1814 incolerent
1410 1808 1417 1820 ‚
1428 1784 1525 1814 dictos
1544 1784 1633 1816 fuisse

951 1823 1154 1852 lliarcmczrzner
1175 1847 1182 1860 ‚
1209 1834 1226 1854 a
1245 1834 1326 1854 voce
1341 1822 1446 1859 Marc,
1467 1834 1532 1863 quae
1549 1825 1634 1855 lirni-

952 1871 1016 1893 tem
1051 1863 1203 1902 fignificat
1237 1887 1245 1899 ‚
1283 1865 1362 1894 recle
1405 1863 1550 1901 opinarur
1583 1865 1633 1895 el,
1658 1899 1662 1903 ,

953 1902 1142 1933 Dithmarus.
1170 1903 1260 1932 Haud
1284 1903 1325 1933 ita
1347 1903 1552 1939 probabiliter
1581 1905 1632 1935 Cl..

953 1942 1133 1973 Leibnitius
1160 1943 1229 1973 vult
1260 1944 1499 1973 Marcomannos
1526 1944 1633 1974 Mora-⁶

953 1982 1037 2012 viam
1051 2006 1059 2017 ‚
1072 1982 1098 2010 la
1114 1982 1244 2011 Morari&
1255 2005 1262 2016 ,
1277 1982 1419 2012 nondum
1432 1981 1521 2020 pulsis
1531 1983 1629 2019 Boiis,

952 2022 1135 2059 incolume,
1160 2024 1193 2053 &
1219 2032 1235 2052 a
1260 2021 1362 2052 Marcei
1384 2022 1485 2052 fluvio
1509 2032 1630 2054 nomen

951 2062 1078 2092 duxisse.

991 2106 1019 2120 ¹0
1044 2102 1291 2138 Dacrunizixur]
1326 2100 1403 2130 Inde
1428 2101 1630 2131 Marcoman—

950 2151 1064 2170 norum
1077 2163 1086 2175 ,
1107 2140 1309 2170 Nariscorum
1323 2163 1331 2171 .
1348 2140 1534 2177 Quadorum
1546 2141 1630 2170 alio-

950 2191 1080 2219 rumque
1112 2180 1268 2211 sociorum
1297 2180 1503 2218 ‹gravissimum
1520 2180 1628 2210 adver-

949 2222 997 2249 s‘us
1012 2221 1172 2250 Romanos
1193 2218 1302 2250 exarsit
1316 2220 1435 2249 bellum
1448 2244 1456 2256 ‚
1477 2220 1519 2249 M.
1534 2221 1628 2248 Aure-

951 2259 994 2289 lio
1023 2260 1175 2297 Principe.
1212 2261 1371 2296 Quantum
1403 2258 1436 2288 in
1462 2258 1626 2288 discrimen

950 2299 993 2328 M.
1011 2299 1173 2329 Aurelium
1190 2300 1431 2338 Romanumque
1455 2298 1626 2328 exercitum

952 2339 1054 2376 Quadi
1078 2338 1286 2376 adduxerint,
1305 2340 1399 2370 docet
1414 2337 1476 2369 Dio
1488 2361 1496 2376 ‚
1509 2338 1625 2368 LXXI.

951 2388 1019 2417 pag.
1041 2381 1100 2418 805
1117 2378 1151 2410 ὃς
1170 2378 1233 2417 seq.
