1952 2708
446 141 1143 187 CHRONOLOGICA.
1397 148 1484 195 465

107 222 250 259 'fatalem
272 222 335 258 fibi
361 221 438 257 fore
462 220 692 256 Domitianus
708 219 841 254 dudum
856 219 1033 261 audierat,
1057 220 1100 254 ab
1124 219 1368 256 adolescentia
1390 219 1486 255 vati-

108 272 213 308 ciniis
232 271 484 308 Chaldaeorum
509 294 517 308 ,
540 268 600 318 qui
615 268 709 304 diem
725 296 733 311 ‚
760 268 886 303 horam
901 295 910 310 ‚
927 268 1107 316 genusque
1124 269 1247 304 mortis
1263 271 1293 305 ei
1309 269 1485 318 prccdixe-

109 333 188 358 rant
205 323 213 338 ¹
230 349 239 364 ‚
264 320 428 355 imbutus.
466 318 742 355 Recentioribus
774 317 891 353 adhuc
909 317 1109 366 agitabatur
1135 319 1299 354 oraculis.
1337 320 1484 367 Insuper

109 371 283 407 continua
297 369 486 405 fulminum
503 368 555 404 vis
567 396 576 411 ,
596 370 724 404 tastum
743 367 785 404 de
797 367 887 404 caelo
901 366 1126 414 Capitolium
1140 395 1149 407 ,
1163 367 1336 415 templum
1351 368 1484 404 Flavice

108 420 224 470 gentis
241 446 251 462 ,
279 419 407 455 domus
434 418 594 454 Palatina
613 422 646 454 ὃς
665 417 870 454 cubiculum
890 416 1066 464 Principis
1082 445 1090 459 ‚
1116 416 1255 466 aliaque
1270 418 1380 453 multa
1399 430 1486 465 por-

107 480 206 506 tenta
235 469 246 485 ²
277 479 409 505 metum
436 468 682 505 intendebant.
709 467 807 503 Dum
824 466 990 502 adversus
1011 466 1198 501 imminens
1225 467 1421 513 periculum
1450 467 1485 503 se

107 519 353 555 sollicitudine
376 522 409 554 &
429 519 565 555 saevitia
590 518 768 567 accingit,
794 517 890 553 suam
909 516 983 564 ipse
999 515 1152 564 impellit
1173 516 1319 552 ruinam.
1342 516 1487 553 Parthe-

109 568 189 605 nius
205 568 300 605 enim
315 571 348 605 ὃς
360 569 512 618 Sigerius
527 595 536 609 ‚
554 567 765 604 cubicularii
782 595 791 610 ,
811 566 971 602 Entellus
985 579 1004 601 a
1021 565 1153 601 libellis
1166 593 1173 607 ,
1194 566 1371 615 ceterique
1388 568 1485 602 Prin-

110 619 201 667 cipis
221 618 326 654 amici
351 631 393 654 ac
417 618 557 660 liberti,
582 617 640 654 sed
666 619 738 665 ejus
768 617 836 653 iras
855 615 989 658 veriti,
1020 614 1306 662 conjurationem
1332 616 1440 652 iniere
1459 617 1488 652 ³.‘

108 668 159 704 Iis
186 668 325 704 animos
349 667 489 703 addidit
514 667 703 710 Domitia,
731 666 813 702 cum
844 666 938 702 forte
959 665 1093 713 legiffet
1118 665 1265 701 secretas
1281 665 1485 700 Domitiani

107 717 259 753 tabellas
274 745 282 760 ‚
309 717 437 767 quibus
458 717 555 752 suum
572 745 580 760 ‚
609 730 804 765 eorumque
824 716 885 765 qui
906 715 1013 750 morti
1033 714 1294 750 destinabantur
1317 744 1324 756 ,
1351 727 1486 750 nomen

105 767 328 815 inscriptum.
353 767 427 804 Ubi
449 766 486 802 id
501 767 712 815 conspiratis
729 778 972 814 compertum,
996 765 1060 800 suo
1082 764 1306 814 aliorumque
1321 763 1487 812 periculo

107 817 243 857 territi,
266 830 338 853 rem
365 827 571 866 properant.
591 817 690 852 Prius
704 828 821 852 tamen
837 819 949 852 assum
965 815 1007 850 de
1021 814 1214 851 success'ore
1226 842 1234 856 ‚
1255 827 1357 863 quem
1374 813 1490 862 elige-

107 877 197 904 rent.
220 867 421 903 Cocceium
443 867 599 903 Nervam
623 866 668 902 ad
682 866 823 915 imperii
845 866 941 914 spem
960 875 1159 913 votumque
1183 864 1336 912 erigunt.
1368 864 1489 899 Cunc-

63 963 65 966 7
109 917 276 952 tabantur
306 917 425 953 adhuc
458 916 603 965 quando
632 919 665 952 ὃς
690 916 881 966 quomodo
915 914 1166 951 Domitianum
1199 913 1488 964 aggrederentur.

108 966 327 1015 Stephanus,
343 966 544 1003 Domitillae
566 976 778 1014 procurator
794 966 822 1008 4,
850 968 884 1001 &
909 976 993 1000 tunc
1018 963 1293 1013 interceptarum
1311 963 1488 1011 pecunia·

110 1029 188 1051 rum
204 1029 280 1053 reus
294 1044 303 1059 ‚
327 1016 514 1053 consilium
536 1028 754 1065 operamque
769 1015 914 1051 obtulit.
938 1015 971 1050 ls
989 1026 1075 1063 ergo
1092 1042 1101 1057 ,
1124 1024 1164 1049 ut
1195 1013 1241 1048 ad
1271 1013 1490 1061 suspicacem

109 1065 314 1114 Principem
331 1066 472 1102 facilior
486 1066 725 1115 secretiorque
744 1065 837 1101 foret
858 1065 993 1107 aditus,
1015 1063 1294 1111 conspirationis
1314 1063 1489 1099 indicium

108 1115 280 1164 professus
301 1144 310 1159 ‚
336 1119 369 1152 &
393 1116 554 1152 admissus
577 1144 586 1159 ‚
618 1115 751 1165 legenti
776 1115 945 1150 traditum
977 1127 997 1150 a
1022 1114 1056 1149 se
1071 1113 1249 1155 libellum,
1271 1116 1304 1150 ὃς
1331 1114 1490 1149 attonito

110 1165 260 1201 suffodit
288 1165 436 1215 inguina
461 1179 469 1201 ε
497 1165 653 1201 saucium
680 1177 721 1200 ac
743 1175 1000 1213 repugnantem
1033 1163 1094 1198 alii
1115 1162 1256 1206 adorti,
1284 1162 1491 1199 vulneribus

110 1215 245 1264 septem
270 1215 622 1251 contrucidaverunt.
641 1215 791 1250 Occisus
812 1214 859 1251 est
874 1213 1106 1250 Domitianus
1124 1212 1398 1262 quartodecimo
1419 1213 1492 1248 Ca-

110 1264 234 1301 lendas
252 1264 420 1301 Octobris
434 1294 442 1309 ‚
470 1278 566 1301 anno
584 1264 696 1301 aetatis
712 1265 840 1313 quinto
854 1267 886 1300 &
904 1262 1188 1314 quadragesimo,
1214 1262 1354 1310 imperii
1382 1262 1492 1310 quin-

110 1315 312 1351 todecimo.
351 1315 446 1351 Ante
474 1315 715 1363 principatum
741 1327 940 1364 arrogans3
968 1313 1030 1348 sub
1049 1311 1270 1360 principatus
1299 1311 1410 1346 initiis
1426 1339 1434 1354 ,
1452 1321 1490 1347 ut

112 1364 222 1414 patris
237 1364 420 1414 fratrisque
440 1365 594 1414 gloriam
607 1365 790 1408 obrueret,
806 1365 979 1400 virtutum
994 1362 1127 1411 species
1140 1361 1306 1397 mentitus
1324 1360 1391 1396 est:
1407 1374 1493 1397 mox

112 1415 184 1450 suis
204 1413 301 1450 vitiis
326 1414 528 1457 abstractus,
543 1415 578 1450 in
598 1422 722 1451 omnes
742 1414 910 1450 libidines
929 1413 997 1448 ruit
1016 1426 1023 1447 :
1047 1411 1181 1461 quaevis
1205 1410 1360 1447 audendi
1382 1410 1493 1446 licen-

113 1465 200 1500 tiam
214 1463 367 1500 adduao
380 1467 413 1501 ὃ(
428 1465 571 1500 militari
588 1464 739 1513 imperio
757 1464 915 1500 obtinuit
932 1477 940 1499 :
959 1462 1057 1512 plebi
1079 1488 1087 1503 ,
1106 1461 1154 1497 ob
1169 1460 1337 1496 ludorum
1352 1460 1492 1509 magni-

114 1513 296 1551 ficentiam
309 1545 316 1556 ,
338 1528 413 1550 non
433 1515 609 1564 ingratus;
628 1513 746 1556 militi,
763 1514 820 1549 cui
836 1514 958 1550 omnia
974 1511 1203 1560 indulgebat,
1218 1509 1492 1558 acceptissimus,

116 1563 337 1600 senatoribus
366 1565 416 1600 ita
446 1564 594 1600 odiosus
609 1593 617 1607 ‚
636 1575 675 1600 ut
690 1591 699 1605 ‚
718 1563 840 1599 audita
855 1565 929 1610 ejus
952 1561 1048 1599 caede
1064 1590 1072 1604 ‚
1091 1560 1250 1597 certatim
1278 1559 1494 1608 repleverint

114 1613 249 1649 curiam
263 1644 271 1656 ‚
294 1616 327 1649 &
351 1613 386 1649 in
400 1616 473 1661 ejus
493 1613 730 1650 contumelias
749 1613 929 1662 eruperint
945 1641 954 1656 ,
974 1611 1133 1648 detractis
1155 1623 1300 1660 quoque
1317 1637 1325 1652 ,
1357 1613 1389 1646 &
1412 1609 1493 1645 solo

114 1663 250 1698 affliflis
276 1664 348 1710 ejus
373 1663 587 1713 imaginibus
611 1678 619 1700 :
642 1677 726 1700 mox
756 1674 795 1699 ut
812 1663 944 1712 ubique
961 1664 1033 1711 ejus
1048 1660 1143 1697 tituli
1165 1659 1390 1697 eraderentur
1404 1658 1495 1695 abo-

116 1712 318 1762 lereturque
342 1713 458 1748 omnis
473 1713 645 1750 memoria
663 1714 856 1750 decretum.

172 1763 263 1797 Haec
287 1761 355 1797 fuit
376 1764 577 1800 animorum
598 1764 788 1800 inclinatio
804 1792 812 1807 ‚
841 1761 923 1799 cum
952 1761 1001 1796 M.
1033 1761 1212 1798 Cocceius
1236 1759 1377 1803 Nerva,
1402 1759 1495 1794 Nar-

118 1812 187 1848 niae
205 1813 214 1831 ⁵
234 1812 270 1846 in
290 1812 443 1848 Umbria
465 1824 588 1857 natus,
608 1813 667 1849 sed
691 1813 848 1850 Cretenfi
869 1811 1010 1860 origine
1036 1812 1048 1828 ⁶
1066 1839 1074 1854 ‚
1098 1810 1250 1858 imperio
1268 1810 1403 1857 potitus
1425 1808 1472 1845 est
1486 1834 1498 1850 ‚

116 1861 358 1897 adnitentibus
376 1862 548 1899 Petronio
568 1863 727 1900 secundo
744 1894 751 1905 ,
769 1861 976 1899 cohortium
992 1860 1236 1908 praetoriarum
1254 1860 1418 1907 praefecto
1432 1886 1440 1901 ‚
1460 1861 1495 1893 δε

115 1911 310 1947 Parthenio
328 1914 595 1956 coniuratorum
615 1913 716 1949 duce.
736 1913 870 1948 Primus
885 1911 1102 1946 advenarum
1118 1938 1127 1953 ‚
1145 1911 1269 1945 Romae
1286 1907 1498 1957 imperavit3

117 1964 152 1997 ὃς
167 1961 314 1997 virtutes
326 1988 334 2003 ‚
351 1961 490 2010 fastigio
507 1963 684 1998 Caesarum
699 1963 858 2011 ignotas,
884 1960 1038 1997 ostendit
1057 1974 1066 1996 ε
1088 1973 1140 1996 res
1157 1959 1245 1996 olim
1260 1956 1497 1994 diss'ociabiles

120 2010 261 2047 miscuit
283 2010 524 2058 principatum
547 2025 588 2047 ac
614 2012 814 2048 libertatem
829 2014 855 2048 ⁷.
886 2010 1023 2046 Natura
1038 2037 1047 2052 ‚
1079 2010 1276 2051 senectute,
1309 2011 1341 2043 ὃς
1361 2035 1369 2050 ,
1396 2006 1498 2056 quod

119 2060 296 2096 bonarum
334 2060 461 2095 artium
490 2061 734 2097 feracissimum
763 2061 837 2105 est,
867 2059 1059 2108 multiplici
1092 2058 1266 2094 malorum
1292 2068 1497 2105 temporum

120 2109 343 2159 experientia
360 2109 541 2146 difficilem
556 2111 702 2160 regendi
717 2121 824 2147 artem
847 2110 992 2148 edoctus
1005 2137 1014 2152 ‚
1030 2108 1160 2157 prioris
1173 2106 1392 2157 principatus
1411 2105 1498 2144 odia

159 2217 167 2229 ¹
189 2208 427 2237 PnffimxmANT
445 2213 455 2242 ]
483 2210 596 2238 Sueron.
630 2211 659 2237 in
679 2209 790 2236 Domit.
831 2210 860 2237 in
877 2209 986 2236 Domit.
1005 2208 1105 2235 XVII.

122 2243 209 2270 X1V.
867 2250 875 2267 ς
897 2245 1051 2274 NARNIAE]
1075 2242 1169 2269 Aurel.
1183 2241 1481 2276 Vi&or‚inEpitome.

160 2285 170 2297 ²
191 2277 380 2311 PORTENTA]
395 2279 619 2314 Quaevideapud
629 2279 791 2307 Suetonium
867 2282 878 2297 ⁶
899 2278 1054 2306 CRr-:Tfiusi
1077 2285 1210 2305 ORIGmE
1229 2281 1239 2309 ]
1268 2277 1362 2304 Aurei.
1390 2275 1499 2303 Victor.

121 2311 152 2339 in
167 2311 273 2341 Domit.
289 2315 359 2342 XV.
832 2314 862 2340 de
876 2313 1031 2345 Cesaribus.

159 2354 167 2371 ³
189 2347 314 2379 IN1ERE]
343 2349 422 2379 Dio,
450 2351 504 2378 loc.
519 2350 566 2378 cit.
869 2357 880 2374 7
900 2348 947 2377 Ac
969 2350 1192 2379 ιιΒειιτΛτΕΜ]
1208 2346 1300 2375 Tacit.
1324 2346 1386 2374 Vit.
1404 2344 1499 2378 Agrici

160 2387 171 2405 θ
189 2381 383 2411 Domi-ruffi
406 2388 651 2417 PROCURATOR]
677 2384 792 2413 Sueton.
834 2383 888 2413 111.

250 2428 490 2483 Tom-IV'.
1151 2435 1267 2476 Nun,
