1952 2708
366 159 446 194 (μ
579 141 625 179 C.
694 137 1136 180 CORNELII
1200 138 1517 181 TACITI

355 218 480 264 tentia
501 218 647 260 effulsit
661 249 675 270 ,
691 220 768 261 sive
784 218 898 260 locus
913 219 1106 274 exquisito
1124 224 1163 261 ὅ(
1182 222 1344 277 poetico
1360 219 1472 262 cultu
1487 219 1747 263 enituit.Exi-

355 288 462 340 gitur
480 285 588 324 enim
601 281 681 336 jam
695 282 742 324 ab
761 296 918 324 oratore
935 284 1055 324 etiam
1069 286 1252 340 poeticus
1272 285 1395 326 decor
1409 315 1423 335 ‚
1441 300 1523 326 non
1539 286 1659 326 Accii
1676 299 1744 326 aut

354 349 522 390 Pacuvii
547 353 557 370 ¹
584 360 751 388 veterno
773 348 1001 400 inquinatus
1016 376 1028 396 ,
1051 347 1119 387 sed
1141 362 1191 387 ex
1214 349 1402 398 Horatii,
1420 352 1460 388 ὃ(
1475 347 1640 402 Virgilii
1658 378 1670 397 ‚
1700 351 1741 388 ὃ(

355 412 513 453 Lucani
534 411 706 452 sacrario
732 414 747 431 ²
775 408 965 466 prolatus.
992 411 1155 451 Horum
1178 411 1299 464 igitur
1327 409 1484 452 auribus
1517 415 1556 451 ὅ(
1583 409 1742 462 judiciis

355 474 638 531 obtemperans
662 474 886 515 nostrorum
915 486 1118 514 oratorum
1136 486 1224 513 aetas
1241 503 1254 523 ‚
1284 472 1491 528 pulchrior
1507 477 1547 514 ὃ(
1565 475 1744 515 ornatior

355 539 517 579 exstitit.
554 539 701 592 Neque
727 536 818 576 ideo
855 536 985 576 minus
1020 535 1204 577 efficaces
1234 536 1325 576 sunt
1350 537 1550 577 orationes
1579 538 1745 587 nostrae,

355 602 450 655 quia
478 601 527 642 ad
551 616 660 642 aures
689 599 953 650 judicantium
983 615 1076 640 cum
1111 598 1320 655 voluptate
1354 600 1605 655 perveniunt.
1631 599 1744 654 Quid

356 666 465 706 enim
489 665 514 703 fi
532 665 752 704 infirmiora
770 664 916 702 horum
936 675 1165 719 temporum
1188 662 1338 718 templa
1361 662 1521 713 credas,
1549 664 1641 716 quia
1661 677 1745 703 non

358 727 447 768 rudi
478 741 673 769 caemento
691 756 704 777 ,
731 729 772 766 ὅ(
805 725 1041 766 informibus
1072 726 1218 782 tegulis
1245 727 1496 768 exstruuntur
1510 756 1524 777 ,
1544 725 1612 766 sed
1641 741 1745 767 mar-

356 805 468 831 more
494 792 623 831 nitent
649 794 689 831 ὃ(
713 803 809 830 auro
836 789 1039 830 radiantur
1067 794 1076 818 ³
1097 792 1110 828 ἓ

421 854 551 895 XXI.
585 853 827 901 EQUIDEM
846 853 1002 894 fatebor
1025 852 1138 895 vobis
1162 852 1393 909 simpliciter
1409 882 1422 904 ,
1445 867 1508 893 me
1530 853 1571 892 in
1594 851 1749 906 quibus-

358 917 449 958 dam
480 919 737 971 antiquorum
764 917 833 956 vix
865 917 1015 967 risum,
1049 918 1090 957 in
1117 916 1351 971 quibusdam
1377 930 1510 957 autem
1542 917 1611 956 vix
1644 916 1750 956 som-

356 995 454 1021 num
482 994 618 1021 tenere
634 1010 646 1031 ‚
671 996 748 1021 nec
771 995 897 1020 unum
921 980 970 1021 de
991 979 1145 1036 populo
1165 980 1314 1021 Canuti
1335 985 1354 1009 4
1374 994 1442 1021 aut
1458 979 1581 1020 Aride
1598 980 1749 1021 Furnio

357 1047 399 1084 &
422 1045 602 1085 Toranio
618 1073 630 1094 ,
660 1046 806 1098 quique
834 1042 932 1084 alios
954 1045 994 1083 in
1017 1044 1160 1084 eodem
1183 1043 1476 1084 valetudinario
1498 1045 1582 1083 haec
1605 1042 1685 1084 ossa
1709 1045 1750 1083 ὅ(

356 1107 464 1148 hanc
492 1108 663 1147 maciem
687 1105 872 1162 probant.
898 1106 988 1161 Ipse
1021 1108 1120 1146 mihi
1145 1106 1295 1148 Calvus
1312 1137 1324 1157 ‚
1356 1110 1447 1147 curn
1474 1122 1598 1146 unum
1622 1110 1662 1146 ὅ(
1686 1107 1748 1145 vi-

357 1171 461 1224 ginti
476 1199 488 1219 ‚
513 1184 558 1211 ut
586 1183 685 1225 puto
701 1199 714 1220 ‚
742 1168 864 1209 libros
888 1168 1121 1223 reliquerit,
1150 1172 1219 1210 vix
1247 1172 1290 1210 in
1312 1168 1391 1210 una
1417 1183 1483 1210 aut
1514 1167 1636 1210 altera
1660 1184 1750 1210 ora-

356 1231 541 1274 tiuncula
564 1233 777 1275 satisfacit:
809 1247 885 1273 nec
912 1232 1111 1274 dissentire
1140 1247 1295 1275 ceteros
1321 1239 1333 1265 5
1358 1232 1405 1274 ab
1424 1235 1505 1274 hoc
1529 1247 1621 1273 meo
1643 1230 1751 1285 judi-

358 1358 479 1398 Lipfius
506 1366 607 1390 tentat
627 1360 653 1387 z'rz
672 1358 795 1397 sensibus
806 1359 867 1398 fitis
889 1370 896 1388 :
922 1360 1034 1390 Melius

359 1399 497 1429 Muretus
511 1398 588 1437 ‚five
602 1399 696 1437 sfflfiU
710 1397 818 1436 aliquis.
844 1398 923 1429 Vide
937 1402 1035 1430 Notas

359 1438 648 1468 &Emendationes
666 1438 704 1467 ad
722 1447 787 1476 cap.
799 1449 851 1468 20.

401 1483 408 1495 ¹
436 1479 525 1507 Accu
567 1488 629 1507 Am·
664 1476 801 1507 PACUVII
834 1478 848 1513 ]
887 1480 1035 1509 Veterum

358 1524 541 1554 poetarum,
555 1526 688 1555 quorum
707 1515 807 1546 adhuc
829 1516 946 1548 exstant
959 1518 1038 1557 frag-

359 1564 476 1586 menta.
498 1555 730 1593 Quintilianus,
753 1555 871 1595 Institut.
891 1556 973 1587 Orat.
990 1559 1034 1594 X,

362 1605 389 1624 1.
421 1594 578 1634 Tragaediae
590 1595 739 1632 scriptores
751 1595 854 1624 Accius
880 1605 959 1635 arque
973 1596 1036 1625 Pa-

359 1634 456 1662 cuvius
479 1656 487 1670 ,
510 1634 643 1673 clarzffimz'
657 1635 800 1674 gravitate
814 1635 1036 1673 sententiarum,

358 1672 499 1702 verborum
517 1673 635 1710 pondere
652 1697 661 1711 ‚
687 1673 716 1703 [³-
731 1674 890 1704 achzoritaoe
900 1676 1036 1714 persona-

358 1722 428 1742 rum.

399 1756 409 1768 ²
432 1753 476 1783 Er
499 1753 624 1783 LucAm
648 1763 808 1784 SACRARIO
829 1755 843 1790 ]
878 1754 954 1784 Inde
972 1753 1035 1785 fre-

359 1800 490 1835 quentes
521 1792 582 1822 illae
600 1792 777 1822 Horatianae
803 1793 836 1823 ὃ(
857 1793 1035 1828 νὶῐζῦὶειηεε

360 1839 553 1861 mutationes
573 1855 582 1868 ‚

615 1841 689 1870 quas
711 1831 745 1861 in
767 1832 853 1861 libris
870 1827 1035 1870 sufferiori-
1078 1837 1114 1865 L.
1128 1835 1240 1865 Turius
1265 1858 1273 1871 ‚

1076 1361 1189 1390 maciem
1202 1385 1210 1399 ‚
1227 1362 1355 1398 probant.
1373 1361 1454 1392 Vide
1470 1361 1571 1391 Notas
1587 1359 1622 1390 &
1636 1360 1752 1390 Emen-

1077 1401 1221 1432 dationes
1236 1401 1275 1431 ad
1290 1411 1356 1439 cap.
1371 1411 1420 1431 21.
1446 1402 1541 1431 Porro
1556 1401 1591 1430 C.
1600 1399 1755 1430 Canutius

1078 1449 1268 1471 memoratur
1288 1451 1305 1471 a
1318 1439 1469 1471 Suetonio
1485 1463 1493 1476 ‚
1514 1440 1552 1469 de
1564 1439 1653 1469 claris
1668 1439 1752 1469 Rhe-

1077 1480 1215 1515 toribus,
1232 1491 1297 1518 cap.
1313 1492 1340 1517 4.
1359 1481 1399 1517 Q.
1414 1479 1516 1508 Arrius
1536 1489 1553 1508 a
1573 1478 1730 1508 Cicerone
1742 1502 1752 1515 ‚

1078 1520 1115 1549 de
1145 1520 1233 1550 claris
1256 1522 1380 1549 Orator.
1406 1528 1472 1557 cap.
1488 1522 1537 1553 69.
1564 1519 1600 1548 C.
1621 1518 1754 1547 Furnius

1077 1558 1157 1589 forte
1173 1559 1226 1589 ille
1244 1559 1305 1597 ipse
1326 1559 1364 1588 ad
1376 1568 1470 1597 quem
1483 1556 1597 1595 scripsit
1608 1557 1731 1587 Tullius
1743 1580 1754 1594 ‚

1077 1598 1165 1636 Epist.
1187 1599 1226 1629 ad
1244 1598 1441 1634 Familiares,
1454 1598 1482 1627 X
1494 1619 1502 1632 ,
1521 1606 1560 1636 25
1574 1596 1608 1627 &
1619 1600 1668 1626 26.
1681 1597 1753 1626 To-

1077 1638 1178 1668 ranius
1205 1638 1300 1669 illene
1325 1647 1492 1676 puerorum
1520 1645 1634 1674 mango
1654 1658 1663 1671 ‚
1699 1635 1753 1674 qui

1078 1677 1220 1708 Antonio
1244 1702 1253 1714 ‚
1289 1677 1455 1708 triumviro
1475 1700 1483 1713 ‚
1512 1675 1626 1705 eximia
1652 1673 1754 1704 forma

1078 1727 1190 1755 pueros
1205 1718 1282 1747 duos
1307 1716 1448 1746 ducentis
1467 1714 1608 1745 sestertiis
1625 1737 1633 1749 ‚
1649 1713 1753 1757 Galli-

1077 1767 1118 1787 cae
1137 1765 1273 1787 monetae
1302 1755 1389 1786 libris
1412 1757 1524 1793 38‚906
1543 1777 1552 1789 ,
1576 1753 1723 1796 vendidit
1742 1775 1752 1788 ‚

1077 1804 1110 1826 ut
1141 1795 1234 1826 refert
1257 1795 1393 1830 Plinius,
1415 1795 1493 1830 Vll,
1519 1804 1564 1822 12.
1585 1795 1752 1835 anuponiis

1306 1835 1403 1865 homo
1423 1832 1511 1872 parvi
1531 1831 1651 1870 ingenii
1669 1855 1677 1868 ‚
1701 1831 1753 1862 sed

359 1870 415 1899 bus
437 1871 668 1901 adnotavimus.
695 1872 816 1901 Lucani
834 1874 910 1902 vero
931 1873 1035 1903 laudes
1076 1874 1166 1904 multi
1180 1874 1295 1906 laboris
1307 1898 1316 1911 ,
1338 1874 1376 1904 de
1391 1884 1453 1913 quo
1465 1871 1608 1908 Tullius,
1626 1871 1664 1902 de
1679 1871 1754 1902 clar.

359 1909 497 1940 vidimus
513 1910 599 1949 supra
612 1910 725 1940 Annal.
739 1912 808 1948 XV,
823 1922 862 1949 49
873 1935 882 1948 ,
893 1912 927 1942 &
941 1913 1012 1943 XVI
1026 1936 1035 1949 ‚

366 1959 413 2014 173.
434 1989 649 2023 RAnman]
678 1989 869 2029 Sioquoque
881 1989 1015 2021 Ovidius
1025 2014 1034 2028 ‚

360 2027 403 2056 111
426 2028 464 2057 de
476 2029 576 2058 Ponto
589 2052 598 2065 ‚
623 2029 666 2059 IV
679 2051 689 2065 ,
716 2039 783 2066 103.

396 2073 516 2103 δίκα-Μ
529 2075 553 2098 C?
564 2075 640 2106 galeae
651 2075 752 2106 gemmis
763 2074 883 2098 radientur
894 2075 918 2098 Cr
931 2082 986 2098 auro

391 2107 502 2138 Sterni-que
509 2108 670 2139 super-vindos
683 2115 765 2132 trunca
777 2109 879 2140 trophaea
889 2109 963 2132 viros.

398 2155 414 2174 4
443 2152 511 2181 Nec
539 2163 628 2182 υΝυΜ
661 2164 701 2183 DE
730 2163 848 2182 POPULo
874 2154 997 2182 CANUTr
1022 2151 1036 2187 ]

359 2190 464 2220 Locus
481 2191 613 2222 omnino
637 2201 819 2230 corruptus,
833 2201 945 2229 quem,
963 2191 1037 2220 dum

360 2229 427 2268 quis
459 2230 590 2260 meliora
615 2230 758 2267 suadeat,
777 2230 819 2261 ita
832 2230 1038 2269 supplendum

359 2276 454 2306 puto,
478 2279 527 2298 nec
549 2280 630 2298 unum
652 2269 684 2299 de
702 2269 798 2307 populo
812 2293 821 2307 ,
840 2269 890 2309 scd
912 2268 1037 2308 rusticum

358 2307 446 2337 videri
466 2331 475 2345 ‚
509 2309 553 2346 qui
573 2308 693 2338 canutio
710 2332 718 2344 ,
742 2319 790 2338 aur
803 2309 887 2339 Arrio
916 2309 1036 2338 delevera-

357 2355 417 2382 zur‚
430 2346 564 2377 Furniove
584 2357 631 2376 aut
641 2347 780 2385 Toranio,
798 2349 892 2388 quique
913 2348 984 2377 alios
1004 2348 1033 2376 in

357 2386 448 2417 eodem
474 2386 676 2417 valetudinario
690 2411 700 2426 ‚
721 2389 779 2417 haec
795 2388 846 2428 effa
865 2412 874 2426 ,
906 2387 936 2418 ὓ*
962 2387 1034 2417 hanc

1077 1917 1163 1944 Orat.
1180 1924 1245 1952 cap.
1265 1917 1315 1951 67.
1711 1947 1718 1953 ι

1117 1960 1125 1980 5
1154 1955 1222 1984 Nrc
1241 1963 1425 1984 mssrn'rmss
1443 1959 1578 1981 csrrnos
1594 1949 1753 1986 ]Non1ta

1075 1992 1252 2033 suffragatur
1273 1991 1507 2031 Quintilianus',
1529 1987 1650 2027 Institut.
1669 1987 1754 2018 Orat.

1076 2034 1122 2068 X,
1150 2043 1173 2063 1.
1195 2032 1293 2061 Inveni
1318 2032 1362 2070 qui
1376 2030 1493 2060 Calvum
1509 2027 1671 2065 praeferrent
1691 2037 1752 2056 om-

1075 2072 1156 2101 nibus
1169 2097 1176 2109 ‚
1191 2072 1285 2101 inveni
1305 2071 1349 2109 qui
1361 2069 1488 2100 Ciceroni
1508 2067 1649 2096 crederent
1663 2090 1673 2103 ‚
1684 2075 1753 2110 *eum

1076 2112 1161 2140 nimici
1184 2111 1318 2148 contrafi’
1335 2110 1472 2139 calumnia
1488 2107 1752 2145 verumffinguznem

1074 2150 1214 2191 perdidzffe
1229 2163 1238 2179 .·
1249 2150 1298 2189 sed
1317 2150 1351 2189 est
1371 2149 1402 2178 δ’
1414 2146 1513 2188 flznfia
1528 2145 1666 2184 &gravis
1683 2154 1753 2174 ora-

1076 2191 1112 2219 rio
1147 2190 1177 2220 Cr
1200 2190 1333 2230 castigata
1347 2213 1357 2226 ‚
1383 2188 1412 2217 fr
1430 2187 1590 2225 frequenter
1611 2184 1754 2213 vehemens

1075 2240 1184 2269 quoque.
1198 2230 1326 2260 [mirator
1343 2227 1378 2266 eft
1391 2235 1482 2255 autem
1492 2224 1660 2259 Atticorum,
1666 2223 1753 2260 flecis-

1075 2280 1124 2308 que
1142 2269 1183 2298 illi
1198 2275 1344 2305 properata
1366 2276 1437 2295 mors
1463 2263 1593 2303 injuriam
1618 2287 1627 2299 ,
1643 2262 1673 2301 fi
1689 2261 1754 2301 quid

1076 2307 1228 2346 adjeblarus
1253 2332 1262 2342 ,
1294 2316 1347 2335 non
1365 2305 1395 2344 fi
1415 2304 1477 2345 quid
1501 2301 1670 2346 detrac'luruf
1684 2302 1754 2347 fuit.

1076 2349 1200 2378 Locum
1225 2345 1389 2377 Ciceronis
1421 2345 1460 2376 de
1492 2343 1595 2374 Calvo
1625 2342 1700 2374 vide
1720 2351 1754 2373 m

1079 2389 1176 2419 Bruto
1188 2397 1255 2426 cap.
1267 2389 1316 2418 82.

1779 799 1830 826 10

1783 1113 1829 1152 15
