1952 2708
94 1478 153 1504 ‘20

396 174 734 218 DIALOGUS
768 171 856 213 DE
892 172 1328 216 ORATORIBUS.

1472 188 1551 225 14¹

176 254 280 301 rium
304 256 471 311 effugiat
486 285 499 306 ,
523 255 662 307 utique
687 252 793 308 apud
819 266 886 291 eos
909 250 1061 302 judices
1078 282 1091 302 ,
1119 256 1187 306 qui
1210 257 1279 305 vi,
1309 267 1376 296 aut
1399 256 1565 311 potesta-

176 336 247 371 te,
274 335 356 361 non
380 318 465 372 jure
490 321 530 358 &
558 315 713 371 legibus
735 314 1016 369 cognoscunt,
1046 318 1086 354 ὃιῖ
1118 329 1192 354 nec
1222 319 1427 372 accipiunt
1457 332 1564 359 tem-

177 399 275 441 pora
290 412 303 433 ,
332 383 400 423 sed
431 381 677 423 constituunt
691 409 704 430 ,
736 393 812 418 nec
834 377 1141 432 exspeetandum
1164 376 1313 417 habent
1335 394 1534 422 oratorem
1550 411 1564 432 ,

179 447 273 488 dum
294 444 355 485 illi
375 444 498 485 libeat
525 444 572 484 de
593 443 680 499 ipso
701 442 868 495 negotio
891 441 1024 480 dicere
1038 469 1051 490 ,
1076 439 1142 480 sed
1168 440 1267 495 saepe
1288 440 1395 482 ultro
1425 444 1562 486 admo-

129 520 153 559 ς
180 522 306 560 nent,
340 522 457 564 atque
491 506 572 548 alio
601 504 956 560 transgredientem
984 515 1206 555 revocant,
1239 507 1278 544 ὃς
1304 504 1484 546 festinare
1526 507 1564 547 se

178 574 381 614 testantur.

238 636 344 676 XX.
378 637 508 690 QUIS
541 648 649 675 nunc
677 632 778 674 feret
807 645 1006 674 oratorem
1031 631 1079 672 de
1106 631 1334 672 infirmitate
1366 631 1566 673 valendi-2

179 699 240 740 nis
267 700 341 739 suae
369 699 627 755 praefantem?
656 695 785 750 qualia
811 697 901 736 sunt
925 696 1007 735 fere
1031 696 1228 750 principia
1251 695 1433 736 Corvini,
1461 697 1565 749 Quis

179 763 354 816 quinque
374 763 416 801 in
442 763 608 803 Verrem
631 758 755 800 libros
784 765 794 780 “
824 758 1094 815 εχΐρεξὶῑὼίῑὲ
1125 759 1228 812 Quis
1250 758 1298 799 de
1322 759 1564 814 exceptione

96 838 156 866 ‘10
181 829 222 865 &
242 823 413 866 formula
438 829 452 846 ²
478 824 720 881 perpetietur
743 821 812 863 illa
832 821 1026 862 immensa
1043 820 1276 872 volumina,
1304 837 1385 876 quae
1408 836 1481 877 pro
1502 822 1565 862 M«

177 887 319 929 Tullio
350 893 360 916 ³
378 918 391 938 ‚
420 901 487 929 aut
504 889 554 928 A.
576 883 734 926 Caecinii
756 884 956 940 legimus?
980 886 1185 925 Praecurrit
1206 886 1286 926 hoc
1308 898 1487 940 tempore
1508 883 1565 935 ju-

178 951 257 992 dex
284 952 516 1002 dicentem,
545 954 585 991 &
615 949 685 989 nisi
708 962 775 989 aut
801 949 917 989 cursu
943 962 1269 1003 argumentorum
1287 977 1299 998 ‚
1329 962 1396 988 aut
1424 946 1566 988 colore

177 1015 488 1065 sententiarum,
513 1027 580 1054 aut
605 1015 734 1052 nitore
762 1016 801 1052 &
828 1011 939 1052 cultu
962 1011 1279 1066 descriptionum
1307 1012 1497 1051 invitatus
1524 1014 1566 1050 ὅε

179 1091 387 1134 corruptus
417 1080 496 1128 est,
529 1076 728 1118 aversatur
754 1075 970 1116 dicentem.
996 1074 1154 1129 Vulgus
1191 1089 1350 1128 quoque
1380 1074 1562 1114 adsisten-

103 1155 150 1193 15
177 1142 278 1181 tium
294 1171 306 1191 ‚
337 1146 377 1182 ὃς
403 1142 580 1182 adfluens
606 1143 645 1179 ὅ(
666 1153 789 1192 vagus
809 1139 990 1186 auditor,
1013 1138 1192 1177 adsuevit
1214 1136 1293 1189 jam
1319 1139 1478 1192 exigere
1501 1136 1564 1175 Ιπ-

176 1206 307 1245 titiam
321 1233 334 1254 ,
358 1209 398 1245 &
422 1202 764 1260 pulchritudinem
786 1202 1003 1247 orationi33
1030 1215 1106 1241 nec
1128 1202 1254 1254 magis
1276 1200 1421 1256 perfert
1443 1202 1483 1239 in
1504 1198 1565 1252 ju-

178 1267 294 1308 diciis
316 1268 464 1307 tristem
490 1271 530 1307 &
553 1268 753 1321 impexam
776 1266 1052 1318 antiquitatem
1067 1292 1080 1313 ‚
1111 1262 1230 1317 quam
1255 1264 1282 1302 fi
1306 1265 1391 1316 quis
1417 1265 1457 1303 in
1483 1263 1564 1303 sce-

178 1329 227 1370 nzi
243 1361 255 1381 ,
285 1330 427 1371 Roscii
454 1335 471 1358 4
490 1359 504 1380 ,
528 1343 595 1370 aut
613 1329 832 1383 Turpionis
856 1326 1035 1366 Ambivii
1060 1330 1071 1357 5
1097 1327 1318 1381 exprimere
1343 1327 1469 1379 gestus
1497 1341 1567 1366 ve-

176 1392 238 1436 lit.
261 1395 348 1438 Jam
376 1395 472 1434 vero
497 1391 688 1444 juvenes,
720 1395 758 1430 &
785 1392 825 1430 in
854 1388 937 1446 ipsa
960 1388 977 1410 ⁶
1005 1389 1223 1429 studiorum
1247 1388 1392 1428 incude
1421 1389 1567 1444 positi,

181 1458 247 1511 qui
270 1457 465 1513 profefihis
486 1456 544 1495 sui
565 1452 682 1496 causa
701 1467 876 1495 oratores
900 1454 1094 1494 sedantur
1108 1483 1120 1503 ‚
1145 1468 1227 1492 non
1251 1450 1379 1491 solum
1400 1452 1536 1492 audire
1550 1482 1566 1502 ,

180 1520 248 1560 sed
274 1521 392 1560 etiam
415 1519 560 1559 referre
589 1519 753 1558 domum
778 1516 925 1570 aliquid
950 1514 1097 1555 illustre
1119 1519 1160 1555 ὅ(
1183 1515 1348 1569 dignum
1373 1514 1567 1555 memoria

181 1582 337 1624 volunt.
358 1582 618 1635 Traduntque
645 1582 847 1630 invicem,
873 1595 919 1620 ac
941 1579 1037 1634 soepe
1064 1580 1104 1618 in
1131 1577 1312 1619 colonias
1337 1593 1383 1618 ac
1406 1580 1566 1633 provin⁶

181 1647 262 1688 cias
286 1646 371 1687 suas
391 1644 568 1687 scribunt
585 1650 624 1697 ⁷,
657 1644 735 1685 five
760 1645 802 1684 in
827 1643 903 1683 suis
919 1640 932 1664 ⁸
951 1642 1091 1696 aliquis
1117 1640 1319 1698 arguta&
1342 1640 1454 1681 brevi
1479 1642 1564 1683 sen-

222 1799 231 1813 ¹
256 1795 289 1824 In
315 1797 457 1826 VERREM
483 1792 618 1830 ursos]
650 1792 677 1821 A
697 1791 853 1822 Cicerone

183 1832 329 1871 scriptos,
349 1832 574 1864 &notiflimos.

224 1875 233 1887 ²
264 1873 311 1902 DE
341 1883 536 1903 EXCEPTIONE
582 1883 618 1902 ετ
657 1880 805 1900 FoRMULA
839 1870 851 1906 ]

182 1911 277 1941 Erant
292 1912 428 1942 affiones
449 1912 486 1941 de
505 1910 692 1949 exceptione
708 1933 716 1945 ‚
742 1918 853 1946 nempe

182 1951 227 1980 ob
241 1951 439 1988 exceptiones
452 1974 461 1986 ‚
484 1950 534 1980 seu
551 1948 740 1980 exclusiones
755 1970 764 1983 ‚
787 1957 852 1986 quae

181 1991 425 2027 opponebantur
435 2012 446 2026 ,
460 1990 511 2019 vel
530 1990 673 2019 adversus
690 1987 831 2026 personas
844 2011 852 2024 ‚

182 2029 235 2058 vel
249 2029 394 2059 adversus
412 2039 457 2058 res
473 2028 564 2066 ipsas,
582 2028 631 2058 vel
643 2028 787 2057 adversus
802 2036 853 2056 ac·-

181 2067 305 2105 tiones,
325 2069 375 2098 vel
397 2068 540 2097 advers'us
555 2067 615 2105 ipsa
629 2065 753 2104 judicia.
772 2065 851 2095 Vide

180 2107 295 2146 Digest.
316 2107 369 2137 hb.
384 2108 495 2136 XLIV.
513 2105 576 2135 Tit.
598 2116 623 2134 1.
639 2106 675 2135 de
688 2104 854 2142 Exceptio-

181 2147 272 2177 nibus
283 2170 291 2182 ‚
306 2145 603 2184 praescriptionibus,
614 2144 647 2174 &
658 2143 852 2183 praejudiciis.

179 2185 331 2216 Formula
347 2187 423 2215 vero
441 2185 618 2219 dicebatur,
635 2183 719 2222 quod
742 2182 773 2211 in
790 2181 853 2211 ins—

180 2224 324 2255 tituendzi
353 2225 475 2255 actione
499 2223 588 2253 certis
617 2233 652 2252 ac
676 2221 852 2259 praescriptis

893 1790 1015 1829 finique
1041 1789 1151 1826 verbi,
1180 1799 1244 1828 cap.
1266 1789 1304 1819 de
1321 1789 1478 1827 Tempore
1495 1797 1567 1826 per-

894 1830 985 1860 fecto.
1021 1829 1077 1858 Sed
1098 1829 1194 1858 Cicero
1214 1839 1261 1865 pro
1285 1828 1373 1856 Tullia
1397 1827 1568 1865 explicavit

893 1870 943 1899 ait,
970 1869 1070 1899 Exstat
1085 1869 1184 1899 adhuc
1198 1868 1301 1899 oratio
1315 1878 1370 1905 pro
1383 1869 1418 1896 A.
1431 1866 1566 1896 Caec'infi.

930 1913 945 1932 4
966 1909 1098 1944 Roscu]
1116 1909 1242 1938 Roscius
1258 1931 1266 1941 ‚
1281 1906 1385 1936 histrio
1401 1930 1409 1942 ‚
1424 1906 1513 1944 Syllae
1530 1915 1568 1936 ac

893 1948 1056 1978 Ciceronis
1089 1947 1186 1986 gratia
1222 1946 1440 1977 celeberrimus
1460 1956 1467 1974 z
1486 1945 1566 1975 adeo

892 1996 1032 2026 acceptus
1046 1987 1105 2016 fuit
1117 1987 1235 2026 populo
1252 1987 1395 2015 Romano
1409 2008 1418 2021 ,
1446 1992 1474 2012 ut
1491 1994 1566 2012 mer-

893 2027 981 2056 cedem
1010 2026 1135 2055 diurnam
1159 2026 1191 2054 de
1204 2025 1309 2061 publico
1323 2024 1395 2052 mille
1411 2023 1539 2052 denarios
1555 2047 1565 2061 ‚

892 2066 1020 2096 Gallicae
1035 2074 1170 2095 monetae
1184 2065 1275 2094 libras
1291 2067 1350 2101 778
1370 2063 1449 2102 ‚fine
1457 2073 1566 2101 grega-

893 2105 1044 2143 libztsfhlus
1063 2104 1215 2141 acceperit,
1232 2103 1410 2134 Macrobius
1427 2126 1436 2139 ‚
1458 2105 1565 2132 Satur-

894 2144 953 2174 nal.
979 2146 1045 2179 ΙΙΙ,
1068 2155 1097 2181 7.

935 2189 942 2211 5
967 2185 1141 2213 Tunmoms
1166 2183 1336 2218 AMssivn]
1375 2181 1470 2218 Cujus
1496 2191 1566 2211 me-

893 2223 1011 2253 minere
1025 2222 1140 2252 Cicero
1166 2222 1205 2251 de
1224 2224 1384 2251 SeneStutc
1397 2243 1406 2255 ‚
1427 2230 1492 2258 cap.
1519 2231 1564 2257 ¹4·

182 2264 285 2293 verbis
298 2264 368 2294 effet
382 2264 545 2294 utendum.
565 2261 645 2293 Vide
665 2260 830 2299 Cujacium
843 2284 852 2298 ‚
893 2264 927 2292 ὃς
949 2261 1167 2301 Symmachus,
1191 2262 1224 2297 I,
1246 2262 1300 2299 Ep.
1321 2259 1418 2299 25.&
1438 2261 1464 2290 X
1478 2283 1487 2296 ,
1510 2261 1564 2297 Ep.

184 2303 338 2333 observat.
355 2304 456 2333 XXIII
471 2325 479 2338 ‚
499 2313 549 2332 21.

227 2347 236 2366 3
260 2343 324 2372 PRo
348 2343 389 2372 M.
403 2342 552 2378 Turno]
576 2340 668 2371 Periit
686 2340 787 2371 oratio
803 2339 852 2369 Ci-

187 2380 308 2410 ceronis
323 2391 377 2419 pro
390 2382 431 2411 M.
445 2381 572 2411 Tullio:
587 2391 653 2410 eam
669 2380 775 2410 laudat
788 2380 853 2409 Ma-

186 2419 311 2451 crobius
324 2444 334 2459 ‚
357 2421 393 2451 de
409 2421 517 2452 Differ.
535 2423 568 2452 ὃς
589 2423 658 2451 Soc.
680 2419 777 2451 Graeci
791 2420 853 2449 La-

895 2313 923 2331 2.

934 2342 946 2359 ⁶
967 2342 1011 2371 Er
1034 2352 1065 2370 m
1091 2341 1181 2377 1PSA]
1198 2338 1326 2369 Etforte
1344 2337 1564 2368 omittendmn,

933 2385 945 2405 7
967 2381 1138 2416 Semnum]
1161 2379 1208 2407 Ad
1221 2379 1382 2417 populares
1398 2378 1477 2406 suos-

934 2419 945 2439 ⁸
968 2421 1045 2452 Sive
1067 2431 1097 2450 m
1116 2419 1198 2455 SUIS]
1224 2418 1280 2448 Hic
1301 2417 1420 2456 aliquid
1437 2413 1563 2445 excidite,
