1952 2708
353 144 443 182 450
793 121 1305 164 APPENDIX

350 205 440 243 febri
470 201 686 251 corripitur:
704 199 788 238 ciim
807 200 892 237 inde
918 200 1045 237 leelica
1071 199 1316 236 transferretur
1331 225 1341 243 ,
1366 198 1553 248 suspexisse
1578 199 1708 237 dIcitur
1723 226 1739 246 ,

352 253 498 292 dimotis
517 251 669 303 plagulis
683 280 692 296 ,
709 251 835 288 caelum
863 265 870 287 :
890 250 1042 287 multum
1059 250 1271 299 conquestus
1285 277 1295 294 ,
1319 268 1338 281 ιε
1355 250 1445 299 eripi
1460 249 1521 286 sibi
1539 250 1650 287 vitam
1670 251 1738 287 im-

349 322 370 337 22
390 303 543 340 merenti
575 319 583 338 ε
610 315 726 352 neque
754 302 851 337 enim
874 301 1008 338 exstare
1028 300 1142 336 ullum
1175 300 1276 335 suum
1306 299 1434 335 fartum
1458 300 1738 349 poenitendum,

350 372 372 387 ω
390 364 545 403 excepto
563 353 744 389 dumtaxat
758 364 834 387 uno
847 367 866 382 υ
877 379 884 386 .
906 350 949 386 Id
967 350 1072 399 quale
1084 349 1191 385 fuerit
1202 376 1213 393 ,
1225 361 1341 398 neque
1358 349 1433 397 ipse
1451 361 1537 387 tunc
1548 351 1712 399 prodidit
1724 378 1738 396 ‚

349 417 467 454 neque
487 404 654 452 cuiquam
668 401 774 438 facile
793 400 967 438 succurrit
982 401 1007 436 ¹.
1035 400 1177 436 Vanum
1198 408 1317 434 autem
1340 398 1486 435 scrutari
1500 427 1511 442 ,
1541 401 1642 450 quod
1659 414 1737 438 non

347 454 436 491 licet
459 453 619 502 adsequi.
640 451 717 488 Ubi
728 451 834 488 Titus
848 451 885 487 in
898 450 986 488 villa
1000 480 1008 492 ,
1031 450 1101 500 quii
1118 460 1218 498 pater
1235 448 1399 492 obierat,
1420 448 1613 491 decubuit,
1638 464 1738 488 mor-

349 504 415 541 bus
437 503 604 539 invaluit.
631 501 887 543 Domitianus,
904 512 1085 536 morarum
1114 499 1306 547 impatiens
1321 525 1330 541 ,
1353 511 1434 535 eum
1451 527 1461 542 ‚
1489 500 1638 536 remedii
1659 501 1739 550 spe-

349 555 406 590 cie
429 584 437 596 ,
467 553 613 590 lavacro
633 552 718 590 nive
743 552 854 601 pleno
871 550 984 600 mergi
1003 550 1016 565 ⁷¹
1037 548 1224 598 deserique
1248 549 1257 568 ³
1285 547 1385 595 jubet
1405 562 1414 584 :
1442 561 1528 585 mox
1556 549 1632 599 ipse
1652 563 1739 598 pro-

347 603 436 653 pere
450 603 604 640 Romam
617 602 707 652 petit
719 630 728 645 ‚
748 601 855 638 castra
868 609 1027 649 occupat
1043 627 1054 644 ,
1072 602 1105 636 ὃς
1124 598 1293 648 promiffo
1309 627 1318 643 ,
1335 599 1436 647 quod
1455 599 1561 636 frater
1577 600 1736 644 dederat,

349 654 555 690 donativo4
568 682 579 698 ,
602 654 805 702 Imperator
822 651 1003 687 salutatur.
1028 648 1223 686 Exstinstus
1246 648 1295 686 est
1312 649 1418 685 Titus
1435 648 1559 685 Idibus
1581 650 1742 699 Septem-

348 703 442 747 bris,
460 704 574 740 altero
598 707 632 740 &
654 700 925 751 quadragesimo
945 701 1059 737 aetatis
1081 713 1179 737 anno
1197 701 1227 742 ⁵,
1248 699 1411 736 eamdem
1434 700 1535 737 brevi
1550 700 1704 749 irnperio
1727 731 1736 743 ‚

349 766 458 804 quam
474 753 652 804 Augustus
675 753 846 801 longiore
868 779 879 796 ,
910 751 1108 788 claritatem
1124 749 1322 786 adsecutus.
1342 750 1494 800 Utrique
1515 751 1640 787 mortis
1670 763 1742 799 op-

348 805 612 853 portunitatem
640 802 806 852 obtigisse
825 801 929 838 multi
949 800 1222 838 memorabant⁶
1236 828 1247 844 ,
1265 799 1364 852 quod
1378 799 1440 836 ille
1464 799 1641 837 brevitate
1655 800 1742 836 vitae

347 866 500 891 ventura
522 854 612 890 vitia
642 852 818 902 effugisset
835 880 845 896 ‚
867 852 930 888 hic
955 851 1153 900 juventutis
1178 851 1273 887 mala
1305 850 1483 887 seneecute
1512 850 1739 887 emendasset.

347 904 481 952 Ingens
512 903 581 939 fuit
609 903 647 939 in
669 903 756 939 urbe
775 902 855 938 Titi
878 901 1113 946 desiderium,
1134 912 1174 937 ut
1200 902 1239 937 in
1254 899 1453 937 domestico
1481 901 1574 937 iuau
1606 901 1747 937 eunetis

346 954 495 1003 publice
519 953 757 990 maerentibus.
780 952 984 1002 Praecipuus
1000 951 1109 988 dolor
1124 951 1264 987 senatus
1278 979 1288 995 ,
1308 950 1370 1000 qui
1389 951 1661 987 amantissimum
1681 963 1742 986 or·-

349 1004 441 1040 dinis
464 1004 517 1040 sui
534 1003 739 1052 Principem
754 1003 952 1039 amittebat.
981 1002 1029 1038 At
1044 1000 1278 1038 Domitianus
1300 1000 1505 1037 defunfi-um
1529 1001 1631 1038 nullo
1651 1013 1743 1051 prae-

347 1064 511 1103 terquam
542 1053 827 1090 consecrationis
860 1053 1003 1089 honore
1036 1051 1202 1101 dignatus
1232 1050 1280 1087 est
1298 1052 1309 1073 7
1341 1050 1470 1087 :ausus
1493 1053 1526 1087 δε
1551 1052 1590 1087 iii
1614 1051 1741 1087 senatu

346 1104 475 1152 §astare
493 1121 513 1136 α
528 1107 561 1140 δε
586 1103 678 1152 patri
692 1103 726 1139 se
741 1105 775 1139 <Sc
789 1102 887 1138 fratri
911 1101 1101 1150 imperium
1117 1101 1247 1137 dedisse
1261 1128 1272 1143 ‚
1298 1100 1381 1136 illos
1398 1101 1459 1136 sibi
1482 1101 1671 1138 reddidisse
1684 1101 1742 1140 Β»,

346 1153 460 1191 Haud
486 1153 595 1190 illaeta
611 1164 730 1190 tamen
745 1153 844 1189 fuere
861 1152 1082 1201 principatus
1110 1151 1214 1187 initia
1227 1179 1236 1195 ‚
1255 1150 1424 1199 Principe
1449 1150 1618 1187 adversus
1639 1152 1745 1200 cupi-

347 1204 499 1240 ditatem
516 1231 527 1247 ,
554 1207 588 1240 &
606 1203 792 1240 avaritiam
811 1205 824 1222 9
838 1231 847 1246 ,
861 1203 941 1239 satis
957 1202 1072 1238 firmo.
1090 1202 1240 1238 Senatus
1254 1226 1262 1242 ‚
1290 1200 1381 1237 novi
1402 1200 1545 1250 imperii
1566 1201 1742 1238 facilitate

346 1255 521 1290 utendum
538 1265 632 1290 ratus
644 1282 653 1297 ‚
679 1253 875 1303 postulavit
900 1271 921 1285 a
938 1266 981 1289 ne
997 1252 1198 1289 senatorem
1214 1251 1385 1300 Princeps
1400 1251 1562 1299 puniret,
1583 1251 1642 1288 sed
1657 1264 1740 1287 reos

348 1323 368 1336 ω
388 1304 527 1340 senatus
551 1304 696 1351 judiciis
720 1304 943 1352 permitteret
960 1304 1032 1338 ¹⁰».
1055 1302 1186 1339 Renuit
1206 1301 1459 1344 Domitianus,
1489 1301 1550 1338 seu
1581 1301 1648 1337 iras
1671 1303 1742 1348 jam

347 1353 594 1396 recondebat,
622 1354 682 1391 seu
706 1353 821 1389 fratris
845 1353 1072 1390 clementiam
1101 1352 1242 1389 exosus.
1276 1351 1447 1388 Manebat
1483 1352 1579 1387 enim
1615 1351 1744 1388 odium

347 1404 457 1440 etiam
477 1403 557 1452 post
570 1404 667 1447 fata3
684 1403 883 1453 Titumque
903 1403 1033 1439 assidue
1049 1402 1105 1438 vel
1124 1401 1283 1450 obliquis
1311 1400 1539 1438 orationibus
1561 1401 1622 1438 vel
1641 1401 1746 1438 edic-

346 1454 391 1491 tis
415 1455 443 1471 ¹¹
459 1453 628 1503 carpebat
643 1466 651 1489 :
670 1453 783 1490 immo
805 1453 922 1491 vetuit
937 1452 1093 1490 natalem
1112 1453 1186 1501 ejus
1204 1451 1302 1488 diem
1320 1453 1328 1467 ¹
1340 1453 1350 1468 ²
1367 1451 1555 1488 celebrari.

675 1529 816 1566 ANNus
836 1529 886 1566 U.
901 1528 944 1566 C.
963 1540 1178 1565 Dcccxxxv.
1228 1527 1260 1564 J.
1278 1528 1314 1563 C.
1342 1528 1405 1563 82,

396 1600 617 1637 Domitiano
636 1601 799 1651 Augusto
819 1601 932 1646 VIII,
951 1601 998 1638 T.
1016 1599 1147 1637 Flavio
1168 1598 1304 1635 Sabino
1324 1598 1545 1636 consulibus.
1559 1597 1745 1646 Princeps,-

347 1660 388 1686 ut
416 1662 514 1698 patre
535 1651 712 1700 fratreque
738 1652 904 1688 videatur
926 1652 1074 1695 melior,
1100 1662 1227 1687 omnes
1246 1649 1455 1698 reipublicae
1476 1658 1594 1698 partes
1618 1660 1744 1684 emen-

347 1701 431 1737 dare
448 1701 664 1750 adgreditur.
680 1701 712 1737 A
727 1701 759 1738 se
778 1702 875 1738 orsus
889 1728 897 1744 ,
914 1715 958 1738 ne
976 1701 1049 1737 ulla
1079 1701 1212 1736 haereat
1243 1700 1452 1749 cupiditatis
1478 1697 1635 1747 suspicio
1652 1725 1661 1741 ,
1685 1709 1744 1733 re-

345 1750 444 1786 haas
460 1750 521 1786 sibi
544 1750 759 1788 hereditates
782 1751 826 1786 ab
851 1752 913 1791 iis,
940 1750 1183 1800 quibusliberi
1203 1760 1304 1786 erant
1317 1778 1327 1794 ,
1348 1762 1426 1786 non
1445 1748 1574 1798 recipit
1588 1748 1615 1766 ¹³
1634 1760 1744 1783 :orn-

346 1812 409 1837 nes
424 1800 519 1838 circa
532 1801 567 1839 se
584 1801 773 1852 largissima
790 1801 1007 1840 liberalitate
1022 1799 1251 1852 prosequitur
1265 1827 1276 1844 ,
1303 1800 1395 1836 nihil
1412 1799 1511 1850 prius
1539 1809 1600 1835 aut
1625 1797 1743 1834 acrius

385 1926 392 1937 ²
417 1917 603 1946 SUCCURRIT
619 1922 628 1950 ]
646 1917 807 1949 Suetonius,
821 1919 874 1947 loc.
889 1918 936 1948 cit.
948 1918 1024 1947 Vide
1102 1920 1110 1938 ⁸
1131 1919 1345 1949 Reommssffl
1361 1918 1475 1946 Sueton.
1489 1918 1518 1944 in
1530 1916 1641 1943 Domit.
1653 1915 1744 1945 XIII.

348 1955 375 1980 ὃς
387 1953 511 1981 Dionem
526 1975 533 1983 ,
549 1953 664 1984 LXVI,
677 1956 810 1988 pag.758.
1099 1965 1109 1981 9
1132 1955 1330 1983 AVARITJAM
1346 1958 1356 1984 ]
1372 1954 1486 1981 Sueton.
1500 1953 1529 1979 in
1539 1951 1649 1979 Domit.
1663 1951 1719 1978 lx.

384 1994 392 2006 ²
417 1989 545 2020 Meam]
562 1989 638 2019 Dio,
660 1989 775 2018 LXVI,
790 1998 852 2024 pag.
866 1998 926 2023 757.
1084 1997 1108 2010 ¹0
1128 1990 1359 2018 PERMHTERET
1385 1993 1395 2019 J
1424 1988 1499 2018 Dio,
1519 1986 1637 2015 LXVII
1650 2006 1659 2016 ‚
1677 1994 1742 2021 pag.

384 2027 393 2043 ³
416 2023 619 2056 DEQERIQUE]
647 2024 762 2052 Sueton.
782 2025 810 2052 in
824 2021 987 2052 Domit.11.
1063 2035 1113 2061 759

348 2091 355 2097 ,
383 2059 395 2076 ‘⁷‘
417 2058 612 2090 Domrivo]
640 2059 697 2087 Dio
712 2081 719 2090 ,
744 2061 796 2088 loc.
812 2060 858 2088 cit.
880 2058 1024 2087 Donativa
1098 2047 1124 2079 ‘¹²⁴
1143 2060 1371 2088 ORATIONIBUS
1397 2067 1454 2088 vri.
1468 2062 1612 2089 miei-is]
1626 2056 1744 2085 Suetom

348 2092 395 2119 illa
407 2103 421 2120 a
433 2094 500 2121 Tito
516 2097 541 2122 ὅ(
553 2095 719 2123 Domitiano
733 2095 798 2122 data
816 2095 851 2122 ad
870 2094 1024 2127 exemplum
1066 2097 1095 2123 in
1112 2095 1223 2123 Domit.
1241 2095 1282 2123 ΙΙ.

348 2126 461 2168 Claudii
486 2133 511 2156 ὃς
529 2130 649 2158 Neronis
664 2131 856 2164 largitionum,
871 2130 904 2158 de
924 2128 1023 2164 quibus
1101 2138 1125 2150 ¹2
1147 2131 1305 2159 NATALi-:M
1332 2138 1401 2160 Eius
1430 2138 1507 2157 Diem
1531 2133 1540 2160 ]
1573 2127 1632 2155 Dio
1652 2147 1661 2158 ‚
1684 2127 1740 2154 100·

348 2161 467 2191 diximus
482 2163 555 2197 supra
572 2166 674 2193 Annal.
689 2166 767 2198 XII,
781 2170 814 2199 69
829 2186 836 2196 ,
860 2169 887 2194 δε
907 2166 937 2193 in
958 2165 1023 2197 Sup-
1063 2167 1110 2194 cit.
1129 2167 1228 2194 Honos
1245 2165 1337 2200 postea
1350 2165 1505 2194 restitutus,
1527 2172 1557 2191 ur
1576 2160 1683 2190 constat
1704 2170 1739 2201 cx

348 2198 489 2230 plemenro
504 2201 606 2228 Annal.
622 2201 665 2228 IX
676 2222 682 2231 ‚
700 2211 740 2229 12.
1064 2202 1200 2230 veteribus
1208 2201 1381 2228 Kalendariis
1395 2200 1430 2228 ad
1439 2195 1737 2234 diem30Decemb118-

384 2239 394 2257 ⁵
417 2234 545 2261 AErAris
570 2245 649 2262 lamro
664 2241 673 2267 ]
688 2237 802 2264 Sueton.
815 2236 843 2263 in
858 2236 986 2264 Ti[.XI.
1065 2246 1101 2264 111
1126 2238 1185 2265 Kal.
1206 2236 1319 2268 januar.
1340 2245 1368 2263 N.
1390 2244 1461 2263 Dlvl
1484 2242 1553 2262 Tiri
1576 2238 1738 2270 cmxxiviii.

382 2272 395 2288 ⁵
416 2269 640 2298 MEMORABANT
667 2275 676 2301 ]
715 2271 789 2301 Dio,
813 2271 914 2299 LXVI
928 2292 934 2301 ,
959 2281 1021 2306 pag.
1064 2272 1098 2300 Id
1117 2272 1155 2300 est
1171 2293 1179 2302 ‚
1202 2272 1313 2299 Natalis
1331 2270 1394 2298 divi
1404 2270 1479 2299 Titi,
1493 2268 1624 2300 Circenses
1647 2266 1738 2299 mrffiis

349 2311 412 2337 754.
1062 2308 1168 2342 viginti
1202 2315 1308 2334 uatuor.

385 2345 396 2362 ⁷
417 2338 584 2368 Dmunus
605 2345 680 2371 tsr]
708 2341 822 2370 Sueten,
855 2342 884 2369 in
910 2342 1021 2371 Domit.
1100 2349 1121 2367 τε
1143 2317 1212 2369 Noqii
1238 2349 1363 2369 RECIPIT
1382 2345 1393 2370 ]
1416 2340 1482 2368 Haec
1500 2341 1528 2368 8(
1545 2336 1617 2372 seqq.
1639 2335 1738 2364 Suet&

350 2371 390 2403 Π.
655 2390 678 2396 »ν
1061 2378 1122 2406 nius
1135 2378 1164 2406 iti
1176 2377 1286 2406 Domit.
1307 2375 1395 2404 VIII.
