1952 2708
306 157 371 206 46
579 148 627 187 c,
681 142 1083 186 CORNELII
1133 139 1418 184 TACITI

304 232 413 288 quod
439 228 761 283 magnificentius
790 226 843 266 est
860 255 873 276 ‚
914 223 1174 266 oblefflitioni
1205 222 1415 278 oculisque
1453 221 1700 266 ceciderunt.

304 297 475 339 Maneat
500 291 659 346 quaeso,
699 291 894 344 duretque
925 287 1139 344 gentibus,
1169 288 1194 327 si
1232 303 1315 328 non
1341 302 1454 328 amor
1484 289 1630 339 nostri,
1661 303 1702 331 at

303 358 414 400 certe
450 356 587 397 odium
611 354 669 394 sui
705 371 714 394 :
744 354 931 408 quando,
956 351 1190 408 urgentibus
1220 355 1230 372 ¹
1261 352 1419 406 imperii
1448 351 1538 391 fatis
1556 380 1570 401 ‚
1598 351 1702 392 nihil

303 419 384 475 jam
403 421 579 477 praestare
601 418 761 459 fortuna
781 416 906 469 majus
927 417 1053 473 potest
1067 446 1079 466 ,
1106 413 1225 468 quarn
1250 415 1422 454 hostium
1447 414 1702 457 discordiam.

368 483 597 525 XXXIV.
631 483 991 522 ANvaAmos
1026 484 1066 520 ὅ(
1095 478 1325 519 Chamavos
1356 493 1378 518 a
1403 491 1519 532 tergo
1546 477 1699 534 Dulgi-

304 546 417 597 bini,
447 551 486 588 &
513 546 706 587 Chasuari
737 549 750 566 ²
776 544 970 594 cludunt,
999 542 1161 596 aliaeque
1189 556 1329 597 gentes
1356 546 1366 569 ³
1400 540 1508 581 haud
1533 542 1701 596 perinde

304 624 546 652 memoratae.
574 611 612 649 A
636 609 768 650 fronte
790 608 900 650 Frisii
924 608 1146 663 excipiunt.
1171 622 1193 642 (ε
1214 603 1439 657 Majoribus
1459 604 1703 645 minoribus-

305 691 327 714 >2
338 689 414 729 que
440 675 569 716 Frisiis
593 679 610 702 4
636 690 657 710 >›
692 671 935 713 vocabulum
971 671 1050 721 est,
1087 684 1137 711 ex
1167 669 1290 710 modo
1315 670 1484 709 virium:
1526 681 1702 723 utraeque

305 739 489 779 nationes
511 738 633 791 usque
655 737 704 777 ad
720 737 935 777 Oceanum
953 736 1102 776 Rheno
1119 746 1390 790 praetexuntur
1403 763 1416 783 ‚
1439 730 1702 787 ambiuntque

304 802 522 842 immensos
543 802 701 857 insuper
728 799 837 840 lacus
862 804 906 850 5,
934 803 974 839 ὃ(
1007 798 1204 839 Romanis
1229 796 1410 838 classibus
1438 795 1454 817 ⁶
1478 797 1701 851 navigatos.

305 865 442 921 Ipsum
467 865 687 919 quinetiam
713 865 926 904 Oceanum
948 861 1018 902 illa
1043 862 1309 902 tentavimus:
1339 864 1379 901 ὅ(
1415 859 1609 915 superesse
1631 860 1702 901 ad-

305 930 387 970 huc
409 927 599 970 Herculis
625 926 834 968 columnas
859 931 872 954 ⁷
896 927 1001 968 fama
1030 925 1233 980 vulgavit:
1262 924 1340 965 sive
1359 923 1457 965 adiit
1478 923 1702 974 Hercules,

306 992 376 1032 seu
405 992 599 1046 quidquid
626 990 772 1045 ubique
804 991 1064 1045 magnificum
1095 990 1174 1038 est,
1204 989 1245 1027 in
1272 986 1497 1028 claritatem
1531 985 1614 1038 ejus
1641 1002 1703 1027 re-

305 1055 409 1095 ferre
435 1055 718 1095 consensimus.
746 1056 839 1094 Nec
863 1054 989 1094 defuit
1013 1053 1199 1093 audentia
1221 1052 1356 1091 Druso
1387 1052 1634 1091 Germanico
1665 1047 1703 1090 ⁸:

305 1117 375 1158 sed
400 1117 551 1158 obstitit
581 1119 772 1158 Oceanus
798 1117 840 1155 in
871 1116 910 1156 se
936 1114 1049 1155 simul
1076 1127 1195 1167 atque
1220 1115 1262 1154 in
1287 1112 1511 1155 Herculem
1542 1114 1704 1167 inquiri.

305 1225 362 1271 gitA
379 1224 460 1269 haud
484 1224 593 1264 procul
622 1223 717 1254 Fossa
742 1222 890 1253 Drusiana
912 1246 921 1259 ‚
947 1223 985 1253 de
1007 1230 1072 1272 'ter
1083 1222 1135 1252 has
1148 1230 1255 1261 gentes
1270 1246 1278 1259 ‚
1303 1223 1501 1259 Ambrones,
1519 1221 1627 1252 Ambri
1644 1221 1708 1252 flu-

304 1275 366 1303 qua
388 1265 502 1295 dictum
525 1265 565 1295 est
587 1264 700 1293 Annal.
724 1264 752 1292 II
776 1286 783 1299 ‚
806 1265 834 1292 8.
857 1263 901 1291 Ex
924 1260 986 1292 hoc
1027 1272 1070 1290 vu
1085 1286 1093 1299 ,
1110 1261 1272 1297 Eumenen,
1288 1262 1429 1297 accolas,
1446 1270 1587 1292 numerat
1599 1261 1709 1292 Illustr.

304 1305 378 1334 loco
391 1327 400 1339 ‚
424 1303 629 1342 praefidiisque
645 1303 684 1332 ad
695 1302 839 1332 Rhenum
851 1300 955 1340 positis
977 1325 985 1338 ‚
1027 1301 1065 1331 de
1088 1302 1291 1340 Furstenbetg
1310 1324 1319 1338 ‚
1345 1300 1527 1330 Monumenca
1548 1300 1708 1329 paderbor-

303 1343 451 1383 proelium
464 1343 638 1381 specffavere
651 1340 796 1372 Romani.
809 1341 907 1380 quue
921 1341 986 1370 Ro-

304 1393 363 1413 mae
380 1391 537 1413 narratum
556 1381 658 1421 primo
683 1380 813 1419 Trajani
836 1379 985 1419 Principis

305 1432 403 1453 anno.

346 1468 353 1480 ¹
380 1463 578 1491 URGENTOEUS
593 1463 606 1498 ]
633 1461 755 1491 Laudat
772 1459 891 1498 Lipsius
903 1471 918 1490 e
930 1459 985 1489 Ms-

304 1499 492 1540 vergentibus.
526 1500 638 1531 Melius
669 1500 777 1530 illustr.
810 1499 941 1530 Huetius
969 1510 986 1529 e

304 1539 486 1577 conjectura
505 1563 513 1575 ‚
533 1539 700 1579 vigentibus.
728 1540 800 1570 Haec
815 1538 900 1569 enim
915 1541 985 1568 cum

305 1579 451 1609 scriberet
475 1579 602 1610 Tacitus
620 1602 629 1615 ‚
663 1579 791 1618 vigebat
822 1578 986 1618 imperium

305 1620 485 1649 Romanum
499 1643 508 1655 ,
524 1619 663 1657 Trajano
679 1618 830 1658 Principe.

345 1663 358 1677 ²
380 1659 549 1688 Duronum
574 1669 612 1688 ET
633 1659 830 1695 CHAsuanl]
855 1658 986 1688 Habita-

306 1708 380 1728 vere
403 1709 500 1742 prope
527 1698 650 1728 fontem
668 1698 799 1736 Luppiae
814 1721 823 1734 ,
846 1697 873 1726 la
888 1697 984 1733 Lippe.

1026 1341 1118 1380 nenfia
1134 1365 1142 1377 ‚
1169 1351 1236 1380 pag.
1257 1344 1323 1370 181.

1065 1385 1080 1404 4
1101 1382 1348 1416 MmomsusQup.
1369 1380 1522 1417 Fmsns]
1546 1378 1657 1415 Frisii,
1679 1377 1708 1408 sa

1027 1420 1109 1458 Frise.
1128 1420 1182 1450 Cis
1195 1421 1330 1451 Flevum
1346 1443 1354 1456 ‚
1376 1430 1460 1450 nunc
1482 1419 1505 1448 le
1518 1418 1708 1458 ΖψᾶεΓ-ζέε,

1027 1460 1210 1490 habitabant
1232 1459 1321 1490 Frisii
1346 1458 1504 1497 minores3
1531 1468 1615 1489 trans
1636 1458 1708 1488 Fle·

1027 1511 1101 1530 vum
1117 1523 1125 1535 ,
1145 1499 1233 1529 Frifii
1251 1499 1395 1536 majores.

1068 1545 1076 1566 5
1100 1541 1259 1569 IMMENSos
1288 1550 1416 1569 INSUPER
1436 1542 1553 1571 LAcus]
1582 1537 1709 1575 IbiJ'am

1027 1580 1243 1610 Romanorum
1268 1578 1463 1617 temporibus
1494 1576 1636 1608 immensi
1663 1576 1710 1606 la-

1027 1630 1088 1649 cus.
1115 1621 1204 1656 Quos
1235 1619 1368 1656 majores
1391 1617 1491 1648 adhuc
1514 1617 1617 1647 fecere
1639 1615 1710 1654 plu-

1026 1658 1109 1688 rimae
1129 1657 1220 1688 maris
1246 1657 1472 1689 inundationes
1487 1681 1496 1695 ,
1520 1667 1555 1687 ac
1572 1654 1709 1686 maxime

1027 1709 1060 1728 ea
1083 1709 1149 1737 quae
1165 1697 1301 1737 contigit
1323 1708 1408 1728 anno
1428 1708 1505 1737 ¹530
1519 1721 1528 1733 ‚
1549 1707 1616 1739 quae
1629 1695 1709 1724 duos

305 1737 431 1767 Deinde
447 1747 482 1767 1n
493 1737 725 1768 Chamavorum
737 1739 771 1768 ὃς
785 1737 987 1776 Angrivario-
1006 1746 1011 1785 Ι
1026 1748 1060 1768 ac
1076 1737 1268 1776 septuaginta
1293 1748 1388 1776 pagos
1416 1736 1593 1767 tumulavn.
1612 1735 1709 1763 Anno

305 1787 374 1807 rum
389 1800 397 1810 ,
423 1777 477 1816 qui
491 1779 650 1808 Bru&eros
671 1777 853 1816 expulerant
866 1800 874 1811 ‚
901 1777 984 1806 sedes

306 1816 462 1846 tranfiere.
479 1816 578 1847 Iidem
594 1816 740 1847 videntur
755 1839 763 1850 ‚
790 1817 843 1855 qui
858 1816 983 1847 Velleio

305 1856 467 1886 Paterculo
480 1879 489 1892 ‚
504 1857 550 1892 11,
569 1867 624 1895 105
639 1880 647 1892 ‚
665 1856 738 1887 dieti
755 1856 824 1886 sunt
847 1856 962 1885 Attuari
975 1879 984 1891 ‚

306 1895 340 1925 ὃς
359 1896 462 1933 postea
484 1895 697 1926 Attuariorum
733 1895 865 1926 nomine
885 1894 985 1925 foedus

307 1934 493 1965 Francicum
506 1934 615 1965 iniere.
637 1934 784 1965 Straboni
797 1959 806 1972 ‚
819 1936 876 1966 VlI
892 1958 902 1972 ,
916 1945 984 1974 pag.

308 1984 364 2010 291
378 1998 386 2009 ‚
402 1974 548 2004 dicuntur
556 1974 726 2005 Chattuarii.

324 2019 357 2056 „3
382 2015 530 2048 Arterur
556 2016 698 2052 Grurrs]
722 2015 844 2052 Nempe
859 2013 984 2043 Ansiba-

307 2061 346 2082 111
371 2075 380 2087 ,
414 2053 447 2083 ὃς
469 2055 628 2084 Tubantes
647 2078 655 2091 ‚
677 2054 715 2084 de
736 2054 847 2092 quibus
871 2053 985 2083 dietum

308 2091 395 2129 supra
409 2093 521 2123 Annal.
542 2095 634 2128 XIII,
663 2104 707 2132 5¹5.
722 2091 898 2122 Anfibatios
912 2115 920 2125 ‚
933 2093 985 2122 vel

307 2130 495 2162 Amsibarios
509 2155 517 2165 ,
538 2143 555 2162 a
568 2133 686 2162 vicinia
702 2131 820 2161 Amisiae
841 2155 848 2165 ,
872 2130 962 2160 l‘Emr
976 2155 985 2167 ‚

308 2180 402 2209 quem
415 2172 618 2207 accolebant,
636 2182 754 2201 nomen
780 2170 895 2200 duxisse
916 2170 986 2209 opi-

308 2218 398 2240 natur
416 2211 464 2240 C1.
482 2211 589 2250 Alting
603 2234 611 2245 ‚
630 2211 720 2240 Notis.
741 2209 875 2239 German.
900 2209 984 2246 Infer.

310 2259 377 2286 pag.
396 2252 425 2279 6.
444 2249 531 2280 Idem
545 2274 553 2284 ‚
569 2251 632 2280 loc.
645 2251 697 2280 cit.
717 2261 785 2289 pag.
809 2261 873 2288 125.
900 2258 986 2288 putat

308 2288 469 2319 Tubantes
492 2299 509 2319 a
524 2288 738 2328 frequentibus
755 2291 900 2320 locorum
915 2300 985 2319 mu·-

308 2327 483 2370 fationibus
511 2338 643 2359 vocatos
673 2329 759 2359 fuiss'e
781 2328 837 2357 Tho
858 2328 961 2356 Benten
977 2350 985 2362 ‚

308 2367 342 2396 1d
353 2367 413 2401 est,
435 2376 570 2398 catervas
588 2377 739 2400 errantes.
765 2369 799 2398 ὃ(
824 2367 986 2397 incoluisse

310 2405 365 2437 ubi
377 2417 459 2439 nunc
472 2406 583 2438 Drenre
596 2431 606 2446 ,
625 2407 696 2437 dans
710 2406 906 2446 Z'Ower-Iffel.
932 2407 987 2436 ln-

1030 1781 1127 1816 1569,
1153 1776 1213 1806 alia
1236 1776 1296 1806 fuit
1318 1778 1352 1807 &
1376 1776 1488 1807 tetrior
1506 1773 1678 1806 exundatio
1698 1795 1708 1809 ,

1025 1827 1092 1855 quae
1118 1826 1261 1855 magnam
1285 1816 1418 1846 litoralis
1441 1813 1619 1846 HOllandiae
1640 1822 1712 1851 pat-

1026 1864 1089 1886 tem
1103 1879 1111 1890 ‚
1135 1864 1236 1886 totam
1258 1853 1323 1885 fere
1345 1855 1472 1884 Frifiam
1493 1852 1660 1888 contexit,
1675 1852 1710 1882 &

1026 1895 1076 1925 vel
1095 1895 1128 1924 in
1146 1895 1211 1925 sola
1237 1894 1332 1924 Frisia
1349 1894 1464 1934 viginti
1479 1893 1580 1923 millia
1604 1892 1710 1922 homi-

1025 1945 1101 1964 nurn
1124 1933 1233 1964 hausit.

1065 1976 1077 1993 ⁶
1107 1975 1254 2005 Rormms
1283 1984 1439 2004 crassmus
1462 1973 1476 2009 ]
1511 1972 1594 2002 Vide
1621 1969 1710 2009 supr&

1025 2013 1139 2043 Annal.
1164 2015 1196 2049 Ι,
1222 2024 1272 2051 70.
1291 2014 1325 2043 &
1340 2014 1386 2047 II,
1407 2015 1435 2042 8.

1065 2059 1077 2078 7
1101 2054 1261 2083 HERcums
1295 2052 1489 2087 COLUMNAS]
1523 2049 1583 2080 Ubi
1609 2057 1709 2079 terra-

1026 2102 1093 2122 rum
1109 2091 1235 2122 termini
1250 2115 1259 2127 ‚
1276 2102 1334 2121 nec
1347 2091 1412 2129 plus
1427 2090 1525 2125 ultra,
1554 2087 1601 2117 ibi
1615 2087 1711 2117 mari-

1026 2131 1107 2161 timae
1120 2140 1226 2169 gentes
1238 2131 1358 2160 finxere
1370 2127 1511 2159 Herculis
1533 2127 1709 2157 columnas.

1026 2172 1109 2208 Quas
1118 2168 1244 2210 quidem
1257 2169 1416 2206 inquirere
1431 2176 1548 2196 vanum
1558 2167 1608 2196 est.
1628 2168 1708 2203 Quae

1027 2220 1130 2240 tamen
1143 2211 1222 2248 apud
1238 2207 1351 2238 Frisios
1365 2205 1709 2239 celebrabantur,fuere

1026 2250 1141 2280 sanein
1154 2248 1321 2278 Frisiorum
1332 2246 1448 2276 finibus
1460 2269 1468 2281 ‚
1483 2245 1613 2276 minime
1629 2246 1708 2275 vero

1026 2289 1058 2318 in
1073 2288 1181 2318 Suecia
1198 2286 1485 2326 promontorioque
1507 2284 1706 2321 Cimmerio,

1725 489 1749 528 5

1733 807 1789 836 10

1025 2336 1057 2357 ut
1072 2327 1141 2356 vult
1153 2326 1289 2356 eruditus
1301 2325 1501 2356 Rudbeckius
1512 2348 1521 2361 ‚
1544 2324 1706 2353 Atlantica.
1736 2330 1738 2332 ·

1026 2377 1092 2406 pag.
1105 2377 1160 2405 251
1177 2368 1211 2397 ὃς
1223 2366 1309 2405 seqq.

1065 2406 1077 2426 ³
1095 2406 1204 2439 Dnuso
1237 2405 1458 2442 GERMAmco]
1489 2403 1615 2435 Tiberii
1645 2404 1710 2433 Im*
