1952 2708
285 190 392 232 AD·
417 185 777 231 DIALOGUM
816 184 899 226 DE
933 183 1372 228 oRATomBUs.
1440 200 1526 236 233

147 277 187 307 ut
204 268 353 305 diximus
371 264 473 314 supra
491 265 597 300 Tom.
618 263 686 300 ΙΙΙ.
702 275 783 312 pag.
804 274 892 307 575,
905 262 1028 297 eadem
1040 274 1141 297 more
1155 264 1278 299 Sinico
1291 261 1392 298 Luna
1402 264 1529 299 octava

146 318 395 356 numerabatur
412 343 420 358 ‚
451 325 489 350 ut
519 314 627 350 habet
653 312 804 362 epistola
829 311 939 347 Patris·
964 311 1170 359 Domenge.

197 367 287 403 Non
318 378 443 402 SOLUM
472 377 608 400 EODEM
639 366 789 408 ANNO]
822 361 917 398 Bene
948 360 1024 396 Mur.
1058 360 1175 398 Vatic.
1206 363 1239 395 &
1267 361 1443 398 editiones
1467 374 1530 398 ve-

147 428 245 455 teres.
276 416 400 452 Postea
426 415 590 451 omissum
616 415 730 450 eodem.
753 412 862 448 Unde
881 410 972 446 male
991 409 1210 454 conjiciebat
1227 409 1388 446 Pithoeus
1410 424 1530 448 emen-

143 467 303 503 dandum
319 494 329 510 ,
360 479 421 501 non
436 466 543 513 fhlz'tm
565 478 624 514 quo
649 478 702 499 nos
718 494 727 506 ‚
747 465 804 511 sed
821 463 892 510 fere
913 461 1017 496 eodem
1043 461 1103 495 die.

201 566 307 602 CAP.
339 565 454 602 XVII.
483 567 656 602 SEPTitvto
683 565 777 600 Inus
804 564 1065 608 DECEMBnts]
1099 563 1132 598 A
1170 560 1247 596 Mff.
1282 564 1317 596 δε
1350 560 1529 597 veteribus

147 615 370 653 editionibus
393 617 513 652 aberat
535 616 727 650 Dicemlm's.
752 616 850 650 Bene
878 617 911 649 ὃ(
936 626 978 649 ex
1004 611 1150 647 historia
1173 609 1353 658 supplevit
1385 609 1530 657 Lipsius.

199 667 272 702 Sex
302 677 350 701 ΕΤ
380 676 680 708 QUINQUAGINTA
708 676 834 700 Annos
859 667 876 708 ]
907 664 1003 698 Bene
1029 663 1200 698 Muretus.
1230 659 1327 695 Male
1357 659 1434 694 Mss'.
1463 659 1532 693 Va-

149 715 210 753 tic.
240 729 348 750 novem
367 716 403 750 ξφ
429 718 661 764 quinquaginta
685 728 792 749 annos.
820 713 1010 748 Editiones
1028 722 1163 748 veteres
1178 738 1188 754 ,
1219 725 1301 746 VIII
1322 710 1358 744 ΕΤ
1383 724 1402 743 L
1423 721 1535 744 annos.v

204 765 379 801 VlTELLll
408 777 524 801 UNUM
555 776 695 800 ANNUM
719 768 737 809 ]
765 764 926 800 Muretus
950 761 1115 804 delebat,
1147 773 1254 795 unum.

201 815 371 851 CENTUM
400 827 448 850 ET
477 826 626 851 thmTt
654 825 753 848 ANNt
777 817 794 859 ]
824 814 919 849 Bene
950 812 1016 847 Ms.
1045 812 1162 848 Varie.
1190 811 1298 857 1518.
1330 808 1386 844 Ita
1409 810 1443 843 ὅ(
1467 806 1535 842 Pu-

151 865 329 902 teolanus.
364 866 550 913 Perperam
578 864 653 899 Mis.
680 863 799 899 Vatic.
832 864 930 899 1862
956 865 989 897 ὃς
1014 863 1140 911 4498,
1165 870 1204 896 ut
1234 863 1268 895 δε
1296 858 1410 896 editio
1438 856 1535 906 prin-

154 928 263 964 σερε,
289 926 410 950 centum
439 917 474 950 ἑὲ
500 916 600 949 decem
624 916 712 948 anni.

206 965 250 1000 Et
278 977 418 1000 PUGNAE
443 968 460 1010 ]
490 964 586 1000 Bene
611 963 797 1005 Pithoeus,
833 962 991 998 Muretus
1007 990 1016 1005 ‚
1046 964 1080 997 &
1103 959 1218 997 editio
1249 955 1463 994 Oxoniensis
1482 955 1537 991 su-

154 1015 218 1064 pra
245 1014 397 1050 laudata.
422 1014 608 1062 Perperam
633 1013 669 1048 in
697 1011 866 1048 omnibus
893 1012 1015 1047 Taciti
1042 1008 1288 1051 editionibus,
1323 1009 1358 1043 ἐπ’
1384 1019 1509 1054 pugnoe.

211 1064 388 1100 Pssoxtmo
415 1076 567 1106 QU1DEM
598 1065 856 1107 CONGIARIO]
887 1061 1005 1098 Nemo
1049 1061 1195 1096 miretur
1234 1057 1384 1106 priscam
1423 1068 1538 1092 rerum

155 1114 364 1150 memoriam
398 1113 443 1149 ad
480 1113 664 1160 congiaria
696 1112 813 1148 referri
835 1140 844 1154 ‚
875 1112 957 1147 cum
993 1110 1053 1147 vix
1095 1109 1289 1159 quidquam
1319 1107 1356 1142 in
1384 1105 1538 1153 imperio

155 1164 325 1200 Romano
355 1164 396 1199 iis
426 1163 531 1199 fuerit
554 1162 731 1198 illustrius.
772 1161 845 1196 Hic
870 1174 957 1210 ergo
974 1189 984 1204 ‚
1015 1159 1077 1195 ubi
1102 1160 1136 1196 se
1162 1157 1221 1193 dat
1244 1156 1385 1193 occafio
1416 1160 1449 1192 &
1474 1167 1539 1202 op-

157 1214 360 1262 portunitas
376 1241 385 1257 ,
414 1224 681 1261 argumentum,
710 1212 746 1246 in
772 1210 919 1246 historia
939 1210 1185 1260 proecipuum‚
1211 1207 1320 1245 ferme
1343 1218 1464 1244 tamen
1488 1205 1541 1240 in-

157 1274 332 1301 tentatum
347 1293 358 1310 ,
387 1266 532 1299 tradate
554 1274 674 1311 operae
694 1261 848 1310 pretium
872 1260 930 1297 est.

465 1352 563 1408 De
603 1350 904 1428 Congiariis
941 1347 1225 1404 RomaniS.

213 1464 304 1501 CUM
332 1463 450 1500 adhuc
469 1465 665 1501 tenuissima
689 1465 782 1501 foret
806 1476 857 1500 res
881 1463 1044 1498 Romana
1060 1490 1070 1506 ‚
1101 1459 1241 1509 congiis
1267 1456 1460 1499 frumenti,
1487 1457 1544 1492 vi-

162 1515 223 1558 ni,
251 1514 349 1557 olei,
375 1514 593 1564 aliarumque
617 1515 653 1551 id
681 1526 791 1564 genus
817 1526 928 1550 rerum
944 1541 952 1556 ‚
982 1524 1059 1560 quae
1086 1510 1226 1559 populo
1264 1507 1516 1544 dividebantur
1534 1536 1543 1548 ‚

162 1563 343 1613 publicam
368 1565 516 1613 gratiam
543 1578 640 1612 reges
664 1564 849 1614 quoesoeoe,
874 1575 1078 1611 nomenque
1100 1560 1215 1596 fecere
1238 1557 1443 1607 congiariis.
1469 1555 1544 1591 An-

163 1626 224 1650 cus
248 1613 403 1649 Marcius
431 1627 490 1650 rex
518 1614 679 1650 instituto
712 1614 942 1649 saluberrimo
968 1612 1047 1647 usus
1085 1609 1133 1646 est
1161 1637 1169 1653 ‚
1217 1619 1255 1644 ut
1289 1606 1431 1644 tributis
1461 1618 1545 1640 auc-

161 1663 344 1699 toritatem
379 1664 610 1700 conciliaret:
638 1675 765 1714 atque,
793 1665 874 1698 cum
899 1662 1023 1697 salinas
1055 1660 1273 1702 institueret,
1303 1659 1386 1706 salis
1425 1655 1543 1690 modios

153 1714 216 1761 sex
241 1715 326 1748 mille
351 1715 383 1747 in
407 1718 565 1761 congiario
586 1715 671 1749 dedic
695 1715 812 1760 populo
828 1742 836 1757 ‚
866 1712 957 1748 Plin.
983 1711 1130 1754 XXXI,
1159 1722 1194 1756 7.

213 1763 370 1798 Publiccc
399 1763 532 1800 laetitiae
555 1777 633 1812 pars
660 1764 811 1799 maxima
844 1763 977 1810 semper
1005 1762 1099 1797 fuere
1126 1757 1323 1808 congiaria.
1352 1755 1391 1791 L.
1418 1755 1546 1790 Lucul-

163 1811 239 1855 lus,
267 1815 334 1847 cz'cm
359 1814 453 1848 rediit
477 1828 516 1848 cx
538 1815 614 1862 Astj
641 1816 745 1848 millia
771 1814 882 1848 cadam
909 1811 985 1847 vini
1013 1810 1156 1852 Gracci,
1185 1813 1217 1843 in
1242 1809 1436 1854 congiarium
1462 1805 1547 1838 divi-

156 1861 205 1909 sit
243 1864 377 1908 amplit'cs
402 1875 548 1907 centum,
576 1864 665 1899 Plin.
692 1864 802 1904 XIV,
836 1875 892 1911 14..
916 1864 1082 1899 Veterem
1109 1871 1245 1895 rnorem
1276 1856 1411 1892 secutus
1433 1853 1546 1889 Julius

168 1911 305 1954 Caesar‚
331 1913 504 1957 (hemor,
534 1914 705 1962 triumphi
723 1914 774 1948 sui
798 1913 886 1948 cena
905 1911 1054 1961 ssngulas
1078 1908 1219 1946 Falerni
1241 1906 1430 1954 amphoras
1446 1931 1454 1946 ‚
1484 1902 1547 1938 sin·

166 1961 273 2009 gulos
293 1961 377 1996 Chii
398 1963 526 2005 cados,
549 1963 586 1998 in
621 1963 755 2012 singula
779 1962 951 1998 convivia
991 1959 1175 1996 distribuit.
1211 1956 1343 1992 Chium
1366 1953 1483 1988 adhuc
1512 1955 1547 1988 <Sc

167 2009 355 2047 Falernum
379 2011 416 2046 in
440 2012 663 2060 Hispaniensi
687 2012 872 2060 triumpho
899 2010 1021 2053 dedit,
1055 2009 1146 2044 Plin.
1173 2006 1261 2043 ibid.
1289 2007 1433 2050 Quanta
1460 2013 1548 2038 tunc

168 2060 294 2096 laetitia
309 2088 318 2102 ‚
350 2061 429 2095 etim
446 2062 602 2110 populus
620 2062 802 2097 Romanus
819 2087 827 2102 ‚
855 2074 918 2108 per
936 2059 1108 2095 convivia
1126 2057 1258 2093 divisus
1273 2083 1282 2098 ,
1313 2055 1405 2089 inter
1423 2051 1549 2101 patriae

168 2109 536 2160 triumphantiumque
560 2111 679 2148 laudes
697 2139 706 2154 ,
739 2111 834 2146 suam
861 2109 935 2158 ipse
962 2110 1140 2145 fortunam
1158 2106 1436 2153 felicitatemque
1455 2101 1550 2138 cele-

168 2159 316 2195 brabat!
339 2161 390 2195 At
411 2160 617 2210 plerumque
647 2160 781 2209 perfida
816 2159 997 2195 donorum
1031 2169 1165 2194 natura.
1194 2157 1238 2190 Et
1270 2153 1381 2191 Julius
1408 2152 1550 2193 Cacsar,

170 2209 231 2258 qui
254 2209 343 2244 vitia
360 2210 577 2259 virtutesque
596 2210 633 2245 in
651 2210 864 2262 dominandi
881 2221 970 2246 artes
987 2218 1139 2245 verterat
1155 2235 1163 2250 ,
1193 2203 1386 2253 congiariis
1404 2214 1550 2251 quoque

171 2259 251 2294 usus
276 2259 334 2295 est.
360 2259 439 2295 Nec
462 2261 532 2303 jam
557 2260 648 2309 gulae
675 2259 813 2296 deliciis
831 2287 840 2302 ‚
867 2258 950 2301 sed,
982 2258 1109 2306 quibus
1133 2257 1186 2292 vis
1210 2255 1351 2296 acrior,
1381 2265 1469 2288 auro
1495 2263 1551 2286 ar-

173 2319 354 2357 gentoque
387 2309 566 2357 publicam
599 2310 799 2345 libertatem
834 2308 950 2358 fregit.
983 2308 1153 2343 Earndem
1184 2305 1279 2341 viam
1302 2303 1383 2339 iniit
1409 2300 1552 2338 felicior

174 2357 360 2406 Augustus.
377 2360 432 2395 Ne
457 2372 534 2395 eam
563 2360 706 2408 quidem
727 2360 928 2407 aspernatus
950 2358 998 2394 est
1020 2357 1186 2393 Tiberius
1202 2383 1211 2398 ‚
1239 2353 1383 2403 parcior
1405 2363 1521 2388 tamen
1540 2375 1551 2391 ‚

176 2407 262 2455 quia
287 2407 364 2442 aliis
388 2409 561 2458 regnandi
585 2410 716 2446 artibus
734 2408 902 2447 validior.
923 2408 1044 2446 Ceteri
1062 2405 1192 2444 deinde
1210 2405 1392 2452 Principes
1410 2402 1478 2438 hac
1494 2398 1556 2436 vizi-

303 2479 410 2522 Tom.
443 2482 535 2524 IV.
1279 2478 1357 2530 Gg
