<?xml version="1.0" encoding="UTF-8"?>
<!DOCTYPE html PUBLIC "-//W3C//DTD XHTML 1.0 Transitional//EN"
    "http://www.w3.org/TR/xhtml1/DTD/xhtml1-transitional.dtd">
<html xmlns="http://www.w3.org/1999/xhtml" xml:lang="en" lang="en">
 <head>
  <title>
</title>
<meta http-equiv="Content-Type" content="text/html;charset=utf-8" />
  <meta name='ocr-system' content='tesseract 3.04.00' />
  <meta name='ocr-capabilities' content='ocr_page ocr_carea ocr_par ocr_line ocrx_word'/>
</head>
<body>
  <div class='ocr_page' id='page_1' title='image "./operabro04taciuoft_0021.png"; bbox 0 0 1952 2708; ppageno 0'>
   <div class='ocr_carea' id='block_1_1' title="bbox 147 802 198 828">
    <p class='ocr_par' dir='ltr' id='par_1_1' title="bbox 147 802 198 828">
     <span class='ocr_line' id='line_1_1' title="bbox 147 802 198 828; baseline -0.02 0"><span class='ocrx_word' id='word_1_1' title='bbox 147 802 198 828; x_wconf 93' lang='lat'>10</span> 
     </span>
    </p>
   </div>
   <div class='ocr_carea' id='block_1_2' title="bbox 147 1436 203 1462">
    <p class='ocr_par' dir='ltr' id='par_1_2' title="bbox 147 1436 203 1462">
     <span class='ocr_line' id='line_1_2' title="bbox 147 1436 203 1462; baseline 0 0"><span class='ocrx_word' id='word_1_2' title='bbox 147 1436 203 1462; x_wconf 87' lang='lat'>20</span> 
     </span>
    </p>
   </div>
   <div class='ocr_carea' id='block_1_3' title="bbox 664 135 1610 188">
    <p class='ocr_par' dir='ltr' id='par_1_3' title="bbox 664 135 1610 188">
     <span class='ocr_line' id='line_1_3' title="bbox 664 135 1610 188; baseline 0.008 -8"><span class='ocrx_word' id='word_1_3' title='bbox 664 135 1170 180; x_wconf 88' lang='lat' dir='ltr'><strong>GERMANIA.</strong></span> <span class='ocrx_word' id='word_1_4' title='bbox 1580 152 1610 188; x_wconf 90' lang='lat'><em>9</em></span> 
     </span>
    </p>
   </div>
   <div class='ocr_carea' id='block_1_4' title="bbox 219 215 1609 596">
    <p class='ocr_par' dir='ltr' id='par_1_4' title="bbox 219 215 1606 344">
     <span class='ocr_line' id='line_1_4' title="bbox 222 215 1606 277; baseline -0.006 -11"><span class='ocrx_word' id='word_1_5' title='bbox 222 233 471 269; x_wconf 80' lang='lat' dir='ltr'>memorant3</span> <span class='ocrx_word' id='word_1_6' title='bbox 499 215 751 277; x_wconf 87' lang='lat' dir='ltr'>primumque</span> <span class='ocrx_word' id='word_1_7' title='bbox 780 219 962 260; x_wconf 86' lang='lat' dir='ltr'>omnium</span> <span class='ocrx_word' id='word_1_8' title='bbox 988 219 1166 259; x_wconf 85' lang='lat' dir='ltr'>virorum</span> <span class='ocrx_word' id='word_1_9' title='bbox 1191 218 1356 259; x_wconf 85' lang='lat' dir='ltr'>fortium</span> <span class='ocrx_word' id='word_1_10' title='bbox 1388 224 1403 260; x_wconf 62' lang='grc' dir='ltr'>ἱ</span> <span class='ocrx_word' id='word_1_11' title='bbox 1444 217 1538 261; x_wconf 86' lang='lat' dir='ltr'>ituri</span> <span class='ocrx_word' id='word_1_12' title='bbox 1562 219 1606 261; x_wconf 85' lang='lat' dir='ltr'>in</span> 
     </span>
     <span class='ocr_line' id='line_1_5' title="bbox 219 286 545 344; baseline 0 -18"><span class='ocrx_word' id='word_1_13' title='bbox 219 286 364 344; x_wconf 85' lang='lat' dir='ltr'>proelia</span> <span class='ocrx_word' id='word_1_14' title='bbox 384 298 545 327; x_wconf 84' lang='lat' dir='ltr'>canunt.</span> 
     </span>
    </p>

    <p class='ocr_par' dir='ltr' id='par_1_5' title="bbox 222 343 1609 596">
     <span class='ocr_line' id='line_1_6' title="bbox 255 343 1606 402; baseline -0.002 -13"><span class='ocrx_word' id='word_1_15' title='bbox 255 356 257 358; x_wconf 78' lang='grc'><strong>’</strong></span> <span class='ocrx_word' id='word_1_16' title='bbox 284 350 367 390; x_wconf 92' lang='grc' dir='ltr'><strong>ΙΙΙ.</strong></span> <span class='ocrx_word' id='word_1_17' title='bbox 401 352 539 391; x_wconf 78' lang='lat' dir='ltr'>SUNT</span> <span class='ocrx_word' id='word_1_18' title='bbox 572 346 652 388; x_wconf 89' lang='lat' dir='ltr'>illis</span> <span class='ocrx_word' id='word_1_19' title='bbox 678 349 762 389; x_wconf 80' lang='lat' dir='ltr'>liaec</span> <span class='ocrx_word' id='word_1_20' title='bbox 792 361 952 402; x_wconf 89' lang='lat' dir='ltr'>quoque</span> <span class='ocrx_word' id='word_1_21' title='bbox 985 345 1160 387; x_wconf 83' lang='lat' dir='ltr'>carmina</span> <span class='ocrx_word' id='word_1_22' title='bbox 1180 373 1194 394; x_wconf 83' lang='grc'>,</span> <span class='ocrx_word' id='word_1_23' title='bbox 1232 358 1401 398; x_wconf 88' lang='lat' dir='ltr'>quorum</span> <span class='ocrx_word' id='word_1_24' title='bbox 1441 343 1566 386; x_wconf 81' lang='lat' dir='ltr'>relatu</span> <span class='ocrx_word' id='word_1_25' title='bbox 1590 374 1606 397; x_wconf 87' lang='lat'><strong><em>,</em></strong></span> 
     </span>
     <span class='ocr_line' id='line_1_7' title="bbox 222 408 1605 467; baseline -0.004 -14"><span class='ocrx_word' id='word_1_26' title='bbox 222 427 340 467; x_wconf 88' lang='lat' dir='ltr'>quem</span> <span class='ocrx_word' id='word_1_27' title='bbox 360 413 571 451; x_wconf 51' lang='lat' dir='ltr'>Bar-situm</span> <span class='ocrx_word' id='word_1_28' title='bbox 596 425 747 452; x_wconf 85' lang='lat' dir='ltr'>vocant</span> <span class='ocrx_word' id='word_1_29' title='bbox 771 415 785 431; x_wconf 83' lang='lat'>²</span> <span class='ocrx_word' id='word_1_30' title='bbox 800 441 813 461; x_wconf 87' lang='lat'><strong><em>,</em></strong></span> <span class='ocrx_word' id='word_1_31' title='bbox 836 409 1064 451; x_wconf 86' lang='lat' dir='ltr'>accendunt</span> <span class='ocrx_word' id='word_1_32' title='bbox 1085 410 1237 449; x_wconf 87' lang='lat' dir='ltr'>animos</span> <span class='ocrx_word' id='word_1_33' title='bbox 1252 438 1264 457; x_wconf 85' lang='lat'><em>‚</em></span> <span class='ocrx_word' id='word_1_34' title='bbox 1294 408 1510 460; x_wconf 78' lang='lat' dir='ltr'>futuraeque</span> <span class='ocrx_word' id='word_1_35' title='bbox 1534 424 1605 463; x_wconf 84' lang='lat' dir='ltr'>pu-</span> 
     </span>
     <span class='ocr_line' id='line_1_8' title="bbox 222 472 1607 530; baseline -0.005 -14"><span class='ocrx_word' id='word_1_36' title='bbox 222 491 306 530; x_wconf 81' lang='lat' dir='ltr'>gnae</span> <span class='ocrx_word' id='word_1_37' title='bbox 339 476 541 517; x_wconf 86' lang='lat' dir='ltr'>fortunam</span> <span class='ocrx_word' id='word_1_38' title='bbox 566 475 652 530; x_wconf 87' lang='lat' dir='ltr'>ipso</span> <span class='ocrx_word' id='word_1_39' title='bbox 682 488 802 515; x_wconf 83' lang='lat' dir='ltr'>cantu</span> <span class='ocrx_word' id='word_1_40' title='bbox 830 486 1095 528; x_wconf 81' lang='lat' dir='ltr'>augurantur:</span> <span class='ocrx_word' id='word_1_41' title='bbox 1123 485 1273 511; x_wconf 88' lang='lat' dir='ltr'>terrent</span> <span class='ocrx_word' id='word_1_42' title='bbox 1302 472 1408 510; x_wconf 91' lang='lat' dir='ltr'>enim</span> <span class='ocrx_word' id='word_1_43' title='bbox 1432 500 1443 519; x_wconf 91' lang='lat'>‚</span> <span class='ocrx_word' id='word_1_44' title='bbox 1482 472 1607 526; x_wconf 86' lang='lat' dir='ltr'>trepi-</span> 
     </span>
     <span class='ocr_line' id='line_1_9' title="bbox 222 532 1609 596; baseline -0.006 -16"><span class='ocrx_word' id='word_1_45' title='bbox 222 538 394 589; x_wconf 75' lang='lat' dir='ltr'>dancve,</span> <span class='ocrx_word' id='word_1_46' title='bbox 422 552 541 596; x_wconf 90' lang='lat' dir='ltr'>prout</span> <span class='ocrx_word' id='word_1_47' title='bbox 565 538 698 578; x_wconf 85' lang='lat' dir='ltr'>sonuit</span> <span class='ocrx_word' id='word_1_48' title='bbox 722 539 840 578; x_wconf 87' lang='lat' dir='ltr'>acies.</span> <span class='ocrx_word' id='word_1_49' title='bbox 870 539 963 578; x_wconf 89' lang='lat' dir='ltr'>Nec</span> <span class='ocrx_word' id='word_1_50' title='bbox 989 550 1070 577; x_wconf 88' lang='lat' dir='ltr'>tam</span> <span class='ocrx_word' id='word_1_51' title='bbox 1102 549 1224 575; x_wconf 84' lang='lat' dir='ltr'>voces</span> <span class='ocrx_word' id='word_1_52' title='bbox 1250 532 1353 584; x_wconf 69' lang='lat' dir='ltr'>illae,</span> <span class='ocrx_word' id='word_1_53' title='bbox 1382 532 1498 587; x_wconf 78' lang='lat' dir='ltr'>quam</span> <span class='ocrx_word' id='word_1_54' title='bbox 1528 534 1609 573; x_wconf 85' lang='lat' dir='ltr'>vir-</span> 
     </span>
    </p>
   </div>
   <div class='ocr_carea' id='block_1_5' title="bbox 223 597 1607 655">
    <p class='ocr_par' dir='ltr' id='par_1_6' title="bbox 223 597 1607 655">
     <span class='ocr_line' id='line_1_10' title="bbox 223 597 1607 655; baseline -0.006 -12"><span class='ocrx_word' id='word_1_55' title='bbox 223 604 319 643; x_wconf 86' lang='lat' dir='ltr'>tutis</span> <span class='ocrx_word' id='word_1_56' title='bbox 339 616 560 644; x_wconf 83' lang='lat' dir='ltr'>concentus</span> <span class='ocrx_word' id='word_1_57' title='bbox 576 632 588 651; x_wconf 84' lang='lat'><em>,</em></span> <span class='ocrx_word' id='word_1_58' title='bbox 614 602 822 642; x_wconf 89' lang='lat' dir='ltr'>videntur:</span> <span class='ocrx_word' id='word_1_59' title='bbox 842 601 1057 641; x_wconf 64' lang='lat' dir='ltr'>adfetstatur</span> <span class='ocrx_word' id='word_1_60' title='bbox 1078 598 1274 655; x_wconf 66' lang='lat' dir='ltr'>praecipue</span> <span class='ocrx_word' id='word_1_61' title='bbox 1295 597 1480 652; x_wconf 78' lang='lat' dir='ltr'>asperitas</span> <span class='ocrx_word' id='word_1_62' title='bbox 1501 597 1607 648; x_wconf 84' lang='lat' dir='ltr'>soni,</span> 
     </span>
    </p>
   </div>
   <div class='ocr_carea' id='block_1_6' title="bbox 223 660 1617 1412">
    <p class='ocr_par' dir='ltr' id='par_1_7' title="bbox 223 660 1617 1412">
     <span class='ocr_line' id='line_1_11' title="bbox 224 660 1610 717; baseline -0.004 -11"><span class='ocrx_word' id='word_1_63' title='bbox 224 670 265 707; x_wconf 84' lang='lat'>&amp;</span> <span class='ocrx_word' id='word_1_64' title='bbox 288 666 451 706; x_wconf 61' lang='lat' dir='ltr'>fractum</span> <span class='ocrx_word' id='word_1_65' title='bbox 472 680 674 715; x_wconf 80' lang='lat' dir='ltr'>murmur,</span> <span class='ocrx_word' id='word_1_66' title='bbox 698 663 861 717; x_wconf 60' lang='lat' dir='ltr'>objetlis</span> <span class='ocrx_word' id='word_1_67' title='bbox 883 664 931 705; x_wconf 90' lang='lat' dir='ltr'>ad</span> <span class='ocrx_word' id='word_1_68' title='bbox 953 679 996 705; x_wconf 82' lang='lat' dir='ltr'>os</span> <span class='ocrx_word' id='word_1_69' title='bbox 1018 664 1164 712; x_wconf 85' lang='lat' dir='ltr'>scutis,</span> <span class='ocrx_word' id='word_1_70' title='bbox 1183 665 1263 716; x_wconf 83' lang='lat' dir='ltr'>quo</span> <span class='ocrx_word' id='word_1_71' title='bbox 1286 660 1443 716; x_wconf 80' lang='lat' dir='ltr'>plenior</span> <span class='ocrx_word' id='word_1_72' title='bbox 1464 662 1503 699; x_wconf 62' lang='lat'>8&lt;</span> <span class='ocrx_word' id='word_1_73' title='bbox 1526 674 1610 713; x_wconf 80' lang='lat' dir='ltr'>gra-</span> 
     </span>
     <span class='ocr_line' id='line_1_12' title="bbox 223 723 1609 786; baseline -0.006 -16"><span class='ocrx_word' id='word_1_74' title='bbox 223 731 313 770; x_wconf 89' lang='lat' dir='ltr'>vior</span> <span class='ocrx_word' id='word_1_75' title='bbox 335 745 416 770; x_wconf 88' lang='lat' dir='ltr'>vox</span> <span class='ocrx_word' id='word_1_76' title='bbox 438 729 662 786; x_wconf 86' lang='lat' dir='ltr'>repercussu</span> <span class='ocrx_word' id='word_1_77' title='bbox 686 729 937 769; x_wconf 80' lang='lat' dir='ltr'>intumescat.</span> <span class='ocrx_word' id='word_1_78' title='bbox 966 728 1155 768; x_wconf 82' lang='lat' dir='ltr'>Ceterum</span> <span class='ocrx_word' id='word_1_79' title='bbox 1181 730 1220 766; x_wconf 72' lang='grc' dir='ltr'>ὅ(</span> <span class='ocrx_word' id='word_1_80' title='bbox 1245 743 1265 762; x_wconf 89' lang='lat'>«</span> <span class='ocrx_word' id='word_1_81' title='bbox 1291 723 1453 765; x_wconf 85' lang='lat' dir='ltr'>Ulixem</span> <span class='ocrx_word' id='word_1_82' title='bbox 1482 740 1502 759; x_wconf 74' lang='lat'>&gt;2</span> <span class='ocrx_word' id='word_1_83' title='bbox 1527 724 1609 776; x_wconf 89' lang='lat' dir='ltr'>qui-</span> 
     </span>
     <span class='ocr_line' id='line_1_13' title="bbox 227 787 1611 849; baseline -0.005 -16"><span class='ocrx_word' id='word_1_84' title='bbox 227 793 316 834; x_wconf 87' lang='lat' dir='ltr'>dam</span> <span class='ocrx_word' id='word_1_85' title='bbox 337 795 576 849; x_wconf 82' lang='lat' dir='ltr'>opinantur,</span> <span class='ocrx_word' id='word_1_86' title='bbox 603 810 624 829; x_wconf 78' lang='grc' dir='ltr'>(ε</span> <span class='ocrx_word' id='word_1_87' title='bbox 654 792 781 847; x_wconf 84' lang='lat' dir='ltr'>longo</span> <span class='ocrx_word' id='word_1_88' title='bbox 812 792 885 832; x_wconf 93' lang='lat' dir='ltr'>illo</span> <span class='ocrx_word' id='word_1_89' title='bbox 920 796 959 832; x_wconf 63' lang='lat'>8&lt;</span> <span class='ocrx_word' id='word_1_90' title='bbox 991 789 1174 832; x_wconf 89' lang='lat' dir='ltr'>fabuloso</span> <span class='ocrx_word' id='word_1_91' title='bbox 1205 804 1338 830; x_wconf 91' lang='lat' dir='ltr'>errore</span> <span class='ocrx_word' id='word_1_92' title='bbox 1376 793 1385 816; x_wconf 77' lang='lat'><em>⁵</em></span> <span class='ocrx_word' id='word_1_93' title='bbox 1424 789 1464 826; x_wconf 90' lang='lat' dir='ltr'>in</span> <span class='ocrx_word' id='word_1_94' title='bbox 1501 787 1611 826; x_wconf 86' lang='lat' dir='ltr'>hunc</span> 
     </span>
     <span class='ocr_line' id='line_1_14' title="bbox 226 850 1612 906; baseline -0.007 -9"><span class='ocrx_word' id='word_1_95' title='bbox 226 857 470 897; x_wconf 86' lang='lat' dir='ltr'>»Oceanum</span> <span class='ocrx_word' id='word_1_96' title='bbox 496 856 699 906; x_wconf 77' lang='lat' dir='ltr'>delatum,</span> <span class='ocrx_word' id='word_1_97' title='bbox 728 855 844 896; x_wconf 80' lang='lat' dir='ltr'>adiffe</span> <span class='ocrx_word' id='word_1_98' title='bbox 873 856 1097 896; x_wconf 75' lang='lat' dir='ltr'>Germania:</span> <span class='ocrx_word' id='word_1_99' title='bbox 1121 868 1241 894; x_wconf 84' lang='lat' dir='ltr'>terras</span> <span class='ocrx_word' id='word_1_100' title='bbox 1263 883 1274 903; x_wconf 89' lang='lat'><strong><em>,</em></strong></span> <span class='ocrx_word' id='word_1_101' title='bbox 1303 850 1612 904; x_wconf 79' lang='lat' dir='ltr'>Asciburgium-</span> 
     </span>
     <span class='ocr_line' id='line_1_15' title="bbox 225 913 1612 975; baseline -0.007 -14"><span class='ocrx_word' id='word_1_102' title='bbox 225 935 333 973; x_wconf 83' lang='lat' dir='ltr'>»que</span> <span class='ocrx_word' id='word_1_103' title='bbox 359 926 375 949; x_wconf 79' lang='lat'>4</span> <span class='ocrx_word' id='word_1_104' title='bbox 396 951 407 971; x_wconf 86' lang='lat'><strong><em>,</em></strong></span> <span class='ocrx_word' id='word_1_105' title='bbox 442 920 574 975; x_wconf 84' lang='lat' dir='ltr'>quod,</span> <span class='ocrx_word' id='word_1_106' title='bbox 601 922 640 960; x_wconf 88' lang='lat' dir='ltr'>iu</span> <span class='ocrx_word' id='word_1_107' title='bbox 669 918 753 975; x_wconf 64' lang='lat' dir='ltr'>ripa</span> <span class='ocrx_word' id='word_1_108' title='bbox 784 921 921 960; x_wconf 86' lang='lat' dir='ltr'>Rheni</span> <span class='ocrx_word' id='word_1_109' title='bbox 950 919 1090 968; x_wconf 81' lang='lat' dir='ltr'>situm,</span> <span class='ocrx_word' id='word_1_110' title='bbox 1119 918 1319 970; x_wconf 85' lang='lat' dir='ltr'>hodieque</span> <span class='ocrx_word' id='word_1_111' title='bbox 1351 913 1544 955; x_wconf 86' lang='lat' dir='ltr'>incolitur</span> <span class='ocrx_word' id='word_1_112' title='bbox 1567 916 1612 962; x_wconf 83' lang='lat'>5,</span> 
     </span>
     <span class='ocr_line' id='line_1_16' title="bbox 226 976 1613 1036; baseline -0.005 -13"><span class='ocrx_word' id='word_1_113' title='bbox 226 983 305 1023; x_wconf 84' lang='lat' dir='ltr'>»ab</span> <span class='ocrx_word' id='word_1_114' title='bbox 348 982 421 1024; x_wconf 90' lang='lat' dir='ltr'>illo</span> <span class='ocrx_word' id='word_1_115' title='bbox 460 985 717 1025; x_wconf 87' lang='lat' dir='ltr'>constitutum</span> <span class='ocrx_word' id='word_1_116' title='bbox 747 1013 760 1033; x_wconf 89' lang='lat'><em>,</em></span> <span class='ocrx_word' id='word_1_117' title='bbox 800 984 1132 1036; x_wconf 80' lang='lat' dir='ltr'>nominatumque</span> <span class='ocrx_word' id='word_1_118' title='bbox 1172 994 1451 1022; x_wconf 71' lang='lat' dir='ltr'>AzxinrprioN.</span> <span class='ocrx_word' id='word_1_119' title='bbox 1489 976 1613 1017; x_wconf 83' lang='lat' dir='ltr'>Aram</span> 
     </span>
     <span class='ocr_line' id='line_1_17' title="bbox 226 1041 1613 1100; baseline -0.005 -15"><span class='ocrx_word' id='word_1_120' title='bbox 226 1048 476 1100; x_wconf 79' lang='lat' dir='ltr'>»quinetiam</span> <span class='ocrx_word' id='word_1_121' title='bbox 494 1046 603 1087; x_wconf 87' lang='lat' dir='ltr'>Ulixi</span> <span class='ocrx_word' id='word_1_122' title='bbox 621 1047 916 1096; x_wconf 83' lang='lat' dir='ltr'>consecratam,</span> <span class='ocrx_word' id='word_1_123' title='bbox 937 1044 1089 1097; x_wconf 64' lang='lat' dir='ltr'>adje&amp;o</span> <span class='ocrx_word' id='word_1_124' title='bbox 1109 1045 1260 1085; x_wconf 78' lang='lat' dir='ltr'>Laertae</span> <span class='ocrx_word' id='word_1_125' title='bbox 1285 1043 1404 1099; x_wconf 88' lang='lat' dir='ltr'>patris</span> <span class='ocrx_word' id='word_1_126' title='bbox 1425 1041 1613 1090; x_wconf 89' lang='lat' dir='ltr'>nomine,</span> 
     </span>
     <span class='ocr_line' id='line_1_18' title="bbox 228 1102 1614 1165; baseline -0.006 -15"><span class='ocrx_word' id='word_1_127' title='bbox 228 1110 402 1150; x_wconf 89' lang='lat' dir='ltr'>»eodem</span> <span class='ocrx_word' id='word_1_128' title='bbox 432 1110 556 1160; x_wconf 73' lang='lat' dir='ltr'>loco,</span> <span class='ocrx_word' id='word_1_129' title='bbox 590 1110 688 1150; x_wconf 91' lang='lat' dir='ltr'>olim</span> <span class='ocrx_word' id='word_1_130' title='bbox 714 1124 931 1165; x_wconf 82' lang='lat' dir='ltr'>repertam:</span> <span class='ocrx_word' id='word_1_131' title='bbox 967 1121 1333 1161; x_wconf 81' lang='lat' dir='ltr'>monumentaque,</span> <span class='ocrx_word' id='word_1_132' title='bbox 1365 1109 1404 1146; x_wconf 85' lang='lat'>&amp;</span> <span class='ocrx_word' id='word_1_133' title='bbox 1435 1102 1614 1145; x_wconf 86' lang='lat' dir='ltr'>tumulos</span> 
     </span>
     <span class='ocr_line' id='line_1_19' title="bbox 227 1167 1616 1227; baseline -0.006 -14"><span class='ocrx_word' id='word_1_134' title='bbox 227 1175 450 1226; x_wconf 79' lang='lat' dir='ltr'>»quosdam</span> <span class='ocrx_word' id='word_1_135' title='bbox 467 1204 478 1224; x_wconf 85' lang='grc'>,</span> <span class='ocrx_word' id='word_1_136' title='bbox 508 1175 658 1214; x_wconf 72' lang='lat' dir='ltr'>Graecis</span> <span class='ocrx_word' id='word_1_137' title='bbox 680 1173 804 1213; x_wconf 82' lang='lat' dir='ltr'>literis</span> <span class='ocrx_word' id='word_1_138' title='bbox 827 1173 1038 1227; x_wconf 87' lang='lat' dir='ltr'>inscriptos</span> <span class='ocrx_word' id='word_1_139' title='bbox 1063 1171 1080 1193; x_wconf 82' lang='lat'><strong><em>⁶</em></strong></span> <span class='ocrx_word' id='word_1_140' title='bbox 1095 1201 1106 1220; x_wconf 85' lang='lat'>,</span> <span class='ocrx_word' id='word_1_141' title='bbox 1128 1173 1168 1210; x_wconf 90' lang='lat' dir='ltr'>in</span> <span class='ocrx_word' id='word_1_142' title='bbox 1192 1170 1370 1212; x_wconf 84' lang='lat' dir='ltr'>confinio</span> <span class='ocrx_word' id='word_1_143' title='bbox 1390 1167 1616 1209; x_wconf 78' lang='lat' dir='ltr'>Germaniae</span> 
     </span>
     <span class='ocr_line' id='line_1_20' title="bbox 228 1234 1616 1290; baseline -0.006 -13"><span class='ocrx_word' id='word_1_144' title='bbox 228 1238 474 1290; x_wconf 72' lang='lat' dir='ltr'>»Rcctiaeque</span> <span class='ocrx_word' id='word_1_145' title='bbox 501 1237 631 1276; x_wconf 86' lang='lat' dir='ltr'>adhuc</span> <span class='ocrx_word' id='word_1_146' title='bbox 657 1236 803 1275; x_wconf 85' lang='lat' dir='ltr'>exstare</span> <span class='ocrx_word' id='word_1_147' title='bbox 832 1251 870 1274; x_wconf 86' lang='lat'>»:</span> <span class='ocrx_word' id='word_1_148' title='bbox 893 1249 976 1288; x_wconf 82' lang='lat' dir='ltr'>qua:</span> <span class='ocrx_word' id='word_1_149' title='bbox 998 1249 1126 1287; x_wconf 87' lang='lat' dir='ltr'>neque</span> <span class='ocrx_word' id='word_1_150' title='bbox 1147 1234 1384 1274; x_wconf 80' lang='lat' dir='ltr'>confirmare</span> <span class='ocrx_word' id='word_1_151' title='bbox 1403 1244 1616 1284; x_wconf 81' lang='lat' dir='ltr'>argumen-</span> 
     </span>
     <span class='ocr_line' id='line_1_21' title="bbox 228 1293 1617 1354; baseline -0.004 -15"><span class='ocrx_word' id='word_1_152' title='bbox 228 1301 278 1340; x_wconf 85' lang='lat' dir='ltr'>tis</span> <span class='ocrx_word' id='word_1_153' title='bbox 294 1330 306 1350; x_wconf 84' lang='lat'><em>‚</em></span> <span class='ocrx_word' id='word_1_154' title='bbox 339 1314 466 1353; x_wconf 88' lang='lat' dir='ltr'>neque</span> <span class='ocrx_word' id='word_1_155' title='bbox 486 1297 668 1339; x_wconf 77' lang='lat' dir='ltr'>refellere</span> <span class='ocrx_word' id='word_1_156' title='bbox 691 1300 730 1338; x_wconf 93' lang='lat' dir='ltr'>in</span> <span class='ocrx_word' id='word_1_157' title='bbox 752 1299 886 1339; x_wconf 85' lang='lat' dir='ltr'>animo</span> <span class='ocrx_word' id='word_1_158' title='bbox 907 1299 980 1338; x_wconf 88' lang='lat' dir='ltr'>est:</span> <span class='ocrx_word' id='word_1_159' title='bbox 1009 1312 1059 1339; x_wconf 91' lang='lat' dir='ltr'>ex</span> <span class='ocrx_word' id='word_1_160' title='bbox 1080 1298 1244 1354; x_wconf 83' lang='lat' dir='ltr'>ingenio</span> <span class='ocrx_word' id='word_1_161' title='bbox 1268 1295 1338 1337; x_wconf 91' lang='lat' dir='ltr'>suo</span> <span class='ocrx_word' id='word_1_162' title='bbox 1362 1294 1526 1349; x_wconf 89' lang='lat' dir='ltr'>quisque</span> <span class='ocrx_word' id='word_1_163' title='bbox 1553 1293 1617 1334; x_wconf 86' lang='lat' dir='ltr'>de-</span> 
     </span>
     <span class='ocr_line' id='line_1_22' title="bbox 230 1362 727 1412; baseline 0.002 -10"><span class='ocrx_word' id='word_1_164' title='bbox 230 1376 338 1412; x_wconf 83' lang='lat' dir='ltr'>mat,</span> <span class='ocrx_word' id='word_1_165' title='bbox 366 1362 430 1403; x_wconf 88' lang='lat' dir='ltr'>vel</span> <span class='ocrx_word' id='word_1_166' title='bbox 454 1363 571 1403; x_wconf 86' lang='lat' dir='ltr'>addat</span> <span class='ocrx_word' id='word_1_167' title='bbox 596 1362 727 1403; x_wconf 82' lang='lat' dir='ltr'>fidem.</span> 
     </span>
    </p>
   </div>
   <div class='ocr_carea' id='block_1_7' title="bbox 292 1420 1616 1483">
    <p class='ocr_par' dir='ltr' id='par_1_8' title="bbox 292 1420 1616 1483">
     <span class='ocr_line' id='line_1_23' title="bbox 292 1420 1616 1483; baseline -0.003 -17"><span class='ocrx_word' id='word_1_168' title='bbox 292 1427 371 1468; x_wconf 85' lang='lat' dir='ltr'>IV.</span> <span class='ocrx_word' id='word_1_169' title='bbox 406 1426 516 1466; x_wconf 73' lang='lat' dir='ltr'>IPSE</span> <span class='ocrx_word' id='word_1_170' title='bbox 555 1441 693 1467; x_wconf 89' lang='lat' dir='ltr'>eorum</span> <span class='ocrx_word' id='word_1_171' title='bbox 732 1424 991 1483; x_wconf 85' lang='lat' dir='ltr'>opinionibus</span> <span class='ocrx_word' id='word_1_172' title='bbox 1024 1424 1176 1466; x_wconf 82' lang='lat' dir='ltr'>accedo</span> <span class='ocrx_word' id='word_1_173' title='bbox 1198 1454 1212 1476; x_wconf 82' lang='grc'>,</span> <span class='ocrx_word' id='word_1_174' title='bbox 1249 1424 1317 1479; x_wconf 86' lang='lat' dir='ltr'>qui</span> <span class='ocrx_word' id='word_1_175' title='bbox 1343 1440 1363 1461; x_wconf 83' lang='grc'>(&lt;</span> <span class='ocrx_word' id='word_1_176' title='bbox 1391 1420 1616 1463; x_wconf 68' lang='lat' dir='ltr'>Germania:</span> 
     </span>
    </p>
   </div>
   <div class='ocr_carea' id='block_1_8' title="bbox 233 1567 905 1646">
    <p class='ocr_par' dir='ltr' id='par_1_9' title="bbox 233 1567 905 1646">
     <span class='ocr_line' id='line_1_24' title="bbox 235 1567 903 1607; baseline 0.001 -10"><span class='ocrx_word' id='word_1_177' title='bbox 235 1567 426 1606; x_wconf 82' lang='lat' dir='ltr'>superbierit.</span> <span class='ocrx_word' id='word_1_178' title='bbox 442 1567 488 1599; x_wconf 86' lang='lat' dir='ltr'>De</span> <span class='ocrx_word' id='word_1_179' title='bbox 499 1568 632 1599; x_wconf 77' lang='lat' dir='ltr'>Hercule</span> <span class='ocrx_word' id='word_1_180' title='bbox 647 1569 903 1607; x_wconf 69' lang='lat' dir='ltr'>Germanicojam</span> 
     </span>
     <span class='ocr_line' id='line_1_25' title="bbox 233 1607 905 1646; baseline 0.004 -10"><span class='ocrx_word' id='word_1_181' title='bbox 233 1607 349 1636; x_wconf 71' lang='lat' dir='ltr'>dictum</span> <span class='ocrx_word' id='word_1_182' title='bbox 374 1609 483 1638; x_wconf 81' lang='lat' dir='ltr'>Annal.</span> <span class='ocrx_word' id='word_1_183' title='bbox 508 1610 533 1638; x_wconf 92' lang='lat' dir='ltr'>ll</span> <span class='ocrx_word' id='word_1_184' title='bbox 555 1632 563 1643; x_wconf 90' lang='lat'>‚</span> <span class='ocrx_word' id='word_1_185' title='bbox 600 1613 646 1638; x_wconf 85' lang='lat'>16.</span> <span class='ocrx_word' id='word_1_186' title='bbox 675 1618 742 1639; x_wconf 87' lang='lat' dir='ltr'>not.</span> <span class='ocrx_word' id='word_1_187' title='bbox 779 1619 804 1646; x_wconf 81' lang='lat'>3.</span> <span class='ocrx_word' id='word_1_188' title='bbox 826 1612 905 1640; x_wconf 82' lang='lat' dir='ltr'>Sunt</span> 
     </span>
    </p>
   </div>
   <div class='ocr_carea' id='block_1_9' title="bbox 233 1647 907 1690">
    <p class='ocr_par' dir='ltr' id='par_1_10' title="bbox 233 1647 907 1690">
     <span class='ocr_line' id='line_1_26' title="bbox 233 1647 907 1690; baseline 0.003 -13"><span class='ocrx_word' id='word_1_189' title='bbox 233 1657 361 1690; x_wconf 66' lang='lat' dir='ltr'>quoque</span> <span class='ocrx_word' id='word_1_190' title='bbox 377 1648 487 1677; x_wconf 81' lang='lat' dir='ltr'>eruditi</span> <span class='ocrx_word' id='word_1_191' title='bbox 505 1647 581 1684; x_wconf 83' lang='lat' dir='ltr'>viri,</span> <span class='ocrx_word' id='word_1_192' title='bbox 597 1648 650 1687; x_wconf 89' lang='lat' dir='ltr'>qui</span> <span class='ocrx_word' id='word_1_193' title='bbox 663 1648 835 1678; x_wconf 77' lang='lat' dir='ltr'>existiment</span> <span class='ocrx_word' id='word_1_194' title='bbox 853 1659 907 1679; x_wconf 87' lang='lat' dir='ltr'>co-</span> 
     </span>
    </p>
   </div>
   <div class='ocr_carea' id='block_1_10' title="bbox 944 1562 1619 1683">
    <p class='ocr_par' dir='ltr' id='par_1_11' title="bbox 944 1562 1619 1683">
     <span class='ocr_line' id='line_1_27' title="bbox 944 1562 1618 1599; baseline -0.013 0"><span class='ocrx_word' id='word_1_195' title='bbox 944 1567 1024 1599; x_wconf 90' lang='lat' dir='ltr'>Vide</span> <span class='ocrx_word' id='word_1_196' title='bbox 1037 1569 1137 1598; x_wconf 65' lang='lat' dir='ltr'>Notas</span> <span class='ocrx_word' id='word_1_197' title='bbox 1153 1566 1186 1596; x_wconf 64' lang='grc' dir='ltr'>ὃς</span> <span class='ocrx_word' id='word_1_198' title='bbox 1201 1564 1445 1596; x_wconf 78' lang='lat' dir='ltr'>Emendationes</span> <span class='ocrx_word' id='word_1_199' title='bbox 1459 1562 1496 1593; x_wconf 85' lang='lat' dir='ltr'>ad</span> <span class='ocrx_word' id='word_1_200' title='bbox 1513 1572 1576 1599; x_wconf 83' lang='lat' dir='ltr'>cap.</span> <span class='ocrx_word' id='word_1_201' title='bbox 1591 1571 1618 1598; x_wconf 82' lang='lat'>3.</span> 
     </span>
     <span class='ocr_line' id='line_1_28' title="bbox 946 1601 1619 1644; baseline -0.015 -6"><span class='ocrx_word' id='word_1_202' title='bbox 946 1606 1175 1638; x_wconf 75' lang='lat' dir='ltr'>Canadensibus</span> <span class='ocrx_word' id='word_1_203' title='bbox 1192 1615 1319 1644; x_wconf 86' lang='lat' dir='ltr'>quoque</span> <span class='ocrx_word' id='word_1_204' title='bbox 1341 1603 1462 1642; x_wconf 76' lang='lat' dir='ltr'>populis</span> <span class='ocrx_word' id='word_1_205' title='bbox 1487 1601 1619 1644; x_wconf 35' lang='lat' dir='ltr'>sua-sunt</span> 
     </span>
     <span class='ocr_line' id='line_1_29' title="bbox 946 1643 1618 1683; baseline -0.013 -5"><span class='ocrx_word' id='word_1_206' title='bbox 946 1647 1082 1678; x_wconf 86' lang='lat' dir='ltr'>carmina</span> <span class='ocrx_word' id='word_1_207' title='bbox 1093 1670 1100 1683; x_wconf 88' lang='lat'>,</span> <span class='ocrx_word' id='word_1_208' title='bbox 1121 1646 1167 1674; x_wconf 74' lang='lat' dir='ltr'>der</span> <span class='ocrx_word' id='word_1_209' title='bbox 1179 1645 1311 1683; x_wconf 69' lang='lat' dir='ltr'>cliaiifhiir</span> <span class='ocrx_word' id='word_1_210' title='bbox 1333 1643 1364 1671; x_wconf 76' lang='lat' dir='ltr'>de</span> <span class='ocrx_word' id='word_1_211' title='bbox 1375 1652 1473 1682; x_wconf 70' lang='lat' dir='ltr'>guerre</span> <span class='ocrx_word' id='word_1_212' title='bbox 1485 1665 1493 1678; x_wconf 85' lang='lat'>,</span> <span class='ocrx_word' id='word_1_213' title='bbox 1503 1650 1618 1683; x_wconf 80' lang='lat' dir='ltr'>cuique</span> 
     </span>
    </p>
   </div>
   <div class='ocr_carea' id='block_1_11' title="bbox 233 1687 916 2362">
    <p class='ocr_par' dir='ltr' id='par_1_12' title="bbox 233 1687 906 1804">
     <span class='ocr_line' id='line_1_30' title="bbox 234 1687 906 1726; baseline 0.004 -11"><span class='ocrx_word' id='word_1_214' title='bbox 234 1687 390 1716; x_wconf 82' lang='lat' dir='ltr'>lomarum</span> <span class='ocrx_word' id='word_1_215' title='bbox 413 1687 503 1717; x_wconf 78' lang='lat' dir='ltr'>duces</span> <span class='ocrx_word' id='word_1_216' title='bbox 529 1688 568 1717; x_wconf 78' lang='lat' dir='ltr'>ab</span> <span class='ocrx_word' id='word_1_217' title='bbox 588 1687 654 1717; x_wconf 73' lang='lat' dir='ltr'>Asia</span> <span class='ocrx_word' id='word_1_218' title='bbox 678 1687 851 1726; x_wconf 67' lang='lat' dir='ltr'>profectos,</span> <span class='ocrx_word' id='word_1_219' title='bbox 873 1697 906 1718; x_wconf 89' lang='lat' dir='ltr'>ut</span> 
     </span>
     <span class='ocr_line' id='line_1_31' title="bbox 235 1725 905 1766; baseline 0.006 -12"><span class='ocrx_word' id='word_1_220' title='bbox 235 1725 366 1755; x_wconf 81' lang='lat' dir='ltr'>diversas</span> <span class='ocrx_word' id='word_1_221' title='bbox 387 1727 514 1765; x_wconf 79' lang='lat' dir='ltr'>Europae</span> <span class='ocrx_word' id='word_1_222' title='bbox 531 1727 673 1764; x_wconf 66' lang='lat' dir='ltr'>regiones</span> <span class='ocrx_word' id='word_1_223' title='bbox 693 1736 880 1766; x_wconf 73' lang='lat' dir='ltr'>occuparent</span> <span class='ocrx_word' id='word_1_224' title='bbox 897 1751 905 1765; x_wconf 87' lang='lat'>‚</span> 
     </span>
     <span class='ocr_line' id='line_1_32' title="bbox 233 1765 775 1804; baseline 0 -9"><span class='ocrx_word' id='word_1_225' title='bbox 233 1765 330 1804; x_wconf 77' lang='lat' dir='ltr'>vulgo</span> <span class='ocrx_word' id='word_1_226' title='bbox 348 1766 502 1796; x_wconf 82' lang='lat' dir='ltr'>vocitatos</span> <span class='ocrx_word' id='word_1_227' title='bbox 516 1765 601 1796; x_wconf 75' lang='lat' dir='ltr'>fuiss&#39;e</span> <span class='ocrx_word' id='word_1_228' title='bbox 618 1767 775 1797; x_wconf 76' lang='lat' dir='ltr'>Hercules.</span> 
     </span>
    </p>

    <p class='ocr_par' dir='ltr' id='par_1_13' title="bbox 235 1806 907 1924">
     <span class='ocr_line' id='line_1_33' title="bbox 276 1806 905 1844; baseline 0.003 -10"><span class='ocrx_word' id='word_1_229' title='bbox 276 1810 284 1823; x_wconf 93' lang='lat'>¹</span> <span class='ocrx_word' id='word_1_230' title='bbox 310 1807 468 1835; x_wconf 64' lang='lat' dir='ltr'>vinorum</span> <span class='ocrx_word' id='word_1_231' title='bbox 492 1808 655 1843; x_wconf 69' lang='lat' dir='ltr'>mnrium]</span> <span class='ocrx_word' id='word_1_232' title='bbox 679 1807 728 1836; x_wconf 86' lang='lat' dir='ltr'>Sic</span> <span class='ocrx_word' id='word_1_233' title='bbox 742 1806 828 1844; x_wconf 74' lang='lat' dir='ltr'>supra</span> <span class='ocrx_word' id='word_1_234' title='bbox 844 1808 905 1836; x_wconf 86' lang='lat' dir='ltr'>An-</span> 
     </span>
     <span class='ocr_line' id='line_1_34' title="bbox 235 1843 907 1881; baseline 0 -8"><span class='ocrx_word' id='word_1_235' title='bbox 235 1843 294 1873; x_wconf 78' lang='lat' dir='ltr'>nal.</span> <span class='ocrx_word' id='word_1_236' title='bbox 315 1845 358 1879; x_wconf 86' lang='lat' dir='ltr'>ll,</span> <span class='ocrx_word' id='word_1_237' title='bbox 374 1847 410 1874; x_wconf 88' lang='lat'>88</span> <span class='ocrx_word' id='word_1_238' title='bbox 422 1868 430 1880; x_wconf 83' lang='lat'><strong>‚</strong></span> <span class='ocrx_word' id='word_1_239' title='bbox 449 1845 486 1874; x_wconf 92' lang='lat' dir='ltr'>de</span> <span class='ocrx_word' id='word_1_240' title='bbox 504 1845 646 1876; x_wconf 85' lang='lat' dir='ltr'>Arminio</span> <span class='ocrx_word' id='word_1_241' title='bbox 673 1845 788 1875; x_wconf 59' lang='lat' dir='ltr'>ditium</span> <span class='ocrx_word' id='word_1_242' title='bbox 800 1868 808 1881; x_wconf 87' lang='lat'>‚</span> <span class='ocrx_word' id='word_1_243' title='bbox 825 1846 907 1874; x_wconf 75' lang='lat' dir='ltr'>catii-</span> 
     </span>
     <span class='ocr_line' id='line_1_35' title="bbox 235 1883 777 1924; baseline 0 -11"><span class='ocrx_word' id='word_1_244' title='bbox 235 1892 329 1921; x_wconf 67' lang='lat' dir='ltr'>furque</span> <span class='ocrx_word' id='word_1_245' title='bbox 342 1883 429 1911; x_wconf 76' lang='lat' dir='ltr'>adhuc</span> <span class='ocrx_word' id='word_1_246' title='bbox 444 1883 579 1912; x_wconf 71' lang='lat' dir='ltr'>barbaras</span> <span class='ocrx_word' id='word_1_247' title='bbox 591 1884 777 1924; x_wconf 73' lang='lat' dir='ltr'>apudgemes.</span> 
     </span>
    </p>

    <p class='ocr_par' dir='ltr' id='par_1_14' title="bbox 235 1923 913 2314">
     <span class='ocr_line' id='line_1_36' title="bbox 277 1923 908 1963; baseline -0.002 -11"><span class='ocrx_word' id='word_1_248' title='bbox 277 1926 288 1939; x_wconf 85' lang='lat'>²</span> <span class='ocrx_word' id='word_1_249' title='bbox 312 1923 485 1953; x_wconf 48' lang='lat' dir='ltr'>Biannos«</span> <span class='ocrx_word' id='word_1_250' title='bbox 511 1927 658 1962; x_wconf 70' lang='lat' dir='ltr'>vocAur]</span> <span class='ocrx_word' id='word_1_251' title='bbox 682 1926 759 1954; x_wconf 86' lang='lat' dir='ltr'>Sunt</span> <span class='ocrx_word' id='word_1_252' title='bbox 775 1923 908 1963; x_wconf 75' lang='lat' dir='ltr'>quibar-</span> 
     </span>
     <span class='ocr_line' id='line_1_37' title="bbox 235 1960 908 2002; baseline 0.003 -13"><span class='ocrx_word' id='word_1_253' title='bbox 235 1960 319 1990; x_wconf 68' lang='lat' dir='ltr'>ritum</span> <span class='ocrx_word' id='word_1_254' title='bbox 335 1963 463 1992; x_wconf 83' lang='lat' dir='ltr'>mallent</span> <span class='ocrx_word' id='word_1_255' title='bbox 480 1973 486 1992; x_wconf 93' lang='lat'>:</span> <span class='ocrx_word' id='word_1_256' title='bbox 505 1972 535 1993; x_wconf 87' lang='lat' dir='ltr'>at</span> <span class='ocrx_word' id='word_1_257' title='bbox 548 1963 653 1992; x_wconf 74' lang='lat' dir='ltr'>bai-rire</span> <span class='ocrx_word' id='word_1_258' title='bbox 672 1963 908 2002; x_wconf 79' lang='lat' dir='ltr'>elephantorum</span> 
     </span>
     <span class='ocr_line' id='line_1_38' title="bbox 238 2001 909 2042; baseline 0.001 -12"><span class='ocrx_word' id='word_1_259' title='bbox 238 2001 279 2031; x_wconf 86' lang='lat' dir='ltr'>est</span> <span class='ocrx_word' id='word_1_260' title='bbox 290 2025 298 2036; x_wconf 89' lang='lat'>‚</span> <span class='ocrx_word' id='word_1_261' title='bbox 315 2011 392 2038; x_wconf 85' lang='lat' dir='ltr'>quos</span> <span class='ocrx_word' id='word_1_262' title='bbox 409 2012 448 2032; x_wconf 79' lang='lat' dir='ltr'>ire</span> <span class='ocrx_word' id='word_1_263' title='bbox 463 2010 616 2033; x_wconf 87' lang='lat' dir='ltr'>noverant</span> <span class='ocrx_word' id='word_1_264' title='bbox 640 2003 767 2042; x_wconf 87' lang='lat' dir='ltr'>quidem</span> <span class='ocrx_word' id='word_1_265' title='bbox 780 2004 909 2033; x_wconf 86' lang='lat' dir='ltr'>Germa-</span> 
     </span>
     <span class='ocr_line' id='line_1_39' title="bbox 239 2040 909 2081; baseline 0.001 -11"><span class='ocrx_word' id='word_1_266' title='bbox 239 2040 285 2070; x_wconf 88' lang='lat' dir='ltr'>ni.</span> <span class='ocrx_word' id='word_1_267' title='bbox 308 2040 425 2069; x_wconf 62' lang='lat' dir='ltr'>Bai-dire</span> <span class='ocrx_word' id='word_1_268' title='bbox 447 2043 522 2071; x_wconf 72' lang='lat' dir='ltr'>vero</span> <span class='ocrx_word' id='word_1_269' title='bbox 546 2053 710 2072; x_wconf 82' lang='lat' dir='ltr'>cervorum</span> <span class='ocrx_word' id='word_1_270' title='bbox 734 2042 772 2072; x_wconf 84' lang='lat' dir='ltr'>est</span> <span class='ocrx_word' id='word_1_271' title='bbox 798 2066 806 2078; x_wconf 83' lang='lat'><em>‚</em></span> <span class='ocrx_word' id='word_1_272' title='bbox 831 2052 909 2081; x_wconf 80' lang='lat' dir='ltr'>quos</span> 
     </span>
     <span class='ocr_line' id='line_1_40' title="bbox 239 2079 912 2119; baseline 0.003 -11"><span class='ocrx_word' id='word_1_273' title='bbox 239 2079 392 2118; x_wconf 64' lang='lat' dir='ltr'>saepiffime</span> <span class='ocrx_word' id='word_1_274' title='bbox 407 2080 575 2111; x_wconf 80' lang='lat' dir='ltr'>audiebant</span> <span class='ocrx_word' id='word_1_275' title='bbox 589 2081 805 2119; x_wconf 78' lang='lat' dir='ltr'>continuoque</span> <span class='ocrx_word' id='word_1_276' title='bbox 819 2091 912 2111; x_wconf 87' lang='lat' dir='ltr'>vena-</span> 
     </span>
     <span class='ocr_line' id='line_1_41' title="bbox 238 2120 911 2158; baseline 0 -9"><span class='ocrx_word' id='word_1_277' title='bbox 238 2120 352 2149; x_wconf 86' lang='lat' dir='ltr'>bantur</span> <span class='ocrx_word' id='word_1_278' title='bbox 364 2127 428 2149; x_wconf 84' lang='lat' dir='ltr'>tum</span> <span class='ocrx_word' id='word_1_279' title='bbox 444 2120 612 2152; x_wconf 79' lang='lat' dir='ltr'>Germani,</span> <span class='ocrx_word' id='word_1_280' title='bbox 630 2129 695 2149; x_wconf 85' lang='lat' dir='ltr'>tum</span> <span class='ocrx_word' id='word_1_281' title='bbox 710 2121 815 2156; x_wconf 88' lang='lat' dir='ltr'>Galli,</span> <span class='ocrx_word' id='word_1_282' title='bbox 831 2121 911 2158; x_wconf 87' lang='lat' dir='ltr'>apud</span> 
     </span>
     <span class='ocr_line' id='line_1_42' title="bbox 239 2158 912 2198; baseline 0.003 -11"><span class='ocrx_word' id='word_1_283' title='bbox 239 2168 319 2198; x_wconf 90' lang='lat' dir='ltr'>quos</span> <span class='ocrx_word' id='word_1_284' title='bbox 342 2158 560 2189; x_wconf 84' lang='lat' dir='ltr'>celeberrimus</span> <span class='ocrx_word' id='word_1_285' title='bbox 584 2158 643 2188; x_wconf 85' lang='lat' dir='ltr'>fuit</span> <span class='ocrx_word' id='word_1_286' title='bbox 662 2159 809 2189; x_wconf 86' lang='lat' dir='ltr'>barditus.</span> <span class='ocrx_word' id='word_1_287' title='bbox 836 2160 912 2190; x_wconf 88' lang='lat' dir='ltr'>Inde</span> 
     </span>
     <span class='ocr_line' id='line_1_43' title="bbox 240 2197 876 2236; baseline 0.002 -9"><span class='ocrx_word' id='word_1_288' title='bbox 240 2206 325 2227; x_wconf 83' lang='lat' dir='ltr'>vates</span> <span class='ocrx_word' id='word_1_289' title='bbox 349 2221 357 2231; x_wconf 82' lang='lat'>,</span> <span class='ocrx_word' id='word_1_290' title='bbox 383 2197 435 2236; x_wconf 89' lang='lat' dir='ltr'>qui</span> <span class='ocrx_word' id='word_1_291' title='bbox 460 2197 520 2228; x_wconf 87' lang='lat' dir='ltr'>hoc</span> <span class='ocrx_word' id='word_1_292' title='bbox 542 2198 672 2228; x_wconf 89' lang='lat' dir='ltr'>modulo</span> <span class='ocrx_word' id='word_1_293' title='bbox 711 2199 876 2228; x_wconf 85' lang='lat' dir='ltr'>utebantur</span> 
     </span>
     <span class='ocr_line' id='line_1_44' title="bbox 242 2236 913 2277; baseline 0.001 -11"><span class='ocrx_word' id='word_1_294' title='bbox 242 2237 315 2267; x_wconf 62' lang='lat' dir='ltr'>dieti</span> <span class='ocrx_word' id='word_1_295' title='bbox 329 2236 396 2267; x_wconf 81' lang='lat' dir='ltr'>sunt</span> <span class='ocrx_word' id='word_1_296' title='bbox 408 2237 506 2267; x_wconf 87' lang='lat' dir='ltr'>bardi.</span> <span class='ocrx_word' id='word_1_297' title='bbox 521 2238 568 2268; x_wconf 88' lang='lat' dir='ltr'>De</span> <span class='ocrx_word' id='word_1_298' title='bbox 586 2237 696 2277; x_wconf 84' lang='lat' dir='ltr'>quibus</span> <span class='ocrx_word' id='word_1_299' title='bbox 713 2238 834 2277; x_wconf 69' lang='lat' dir='ltr'>egregie</span> <span class='ocrx_word' id='word_1_300' title='bbox 848 2239 913 2267; x_wconf 88' lang='lat' dir='ltr'>Lu-</span> 
     </span>
     <span class='ocr_line' id='line_1_45' title="bbox 241 2277 472 2314; baseline -0.004 -7"><span class='ocrx_word' id='word_1_301' title='bbox 241 2287 335 2307; x_wconf 86' lang='lat' dir='ltr'>canus</span> <span class='ocrx_word' id='word_1_302' title='bbox 354 2277 385 2311; x_wconf 85' lang='lat'>1,</span> <span class='ocrx_word' id='word_1_303' title='bbox 401 2286 472 2314; x_wconf 82' lang='lat'>447.</span> 
     </span>
    </p>

    <p class='ocr_par' dir='ltr' id='par_1_15' title="bbox 277 2327 916 2362">
     <span class='ocr_line' id='line_1_46' title="bbox 277 2327 916 2362; baseline 0.006 -12"><span class='ocrx_word' id='word_1_304' title='bbox 277 2327 325 2351; x_wconf 83' lang='lat' dir='ltr'>Vos</span> <span class='ocrx_word' id='word_1_305' title='bbox 336 2335 418 2360; x_wconf 66' lang='lat' dir='ltr'>quoque</span> <span class='ocrx_word' id='word_1_306' title='bbox 428 2328 561 2359; x_wconf 72' lang='lat' dir='ltr'>,quifoi-tes</span> <span class='ocrx_word' id='word_1_307' title='bbox 571 2328 668 2357; x_wconf 69' lang='lat' dir='ltr'>animas,</span> <span class='ocrx_word' id='word_1_308' title='bbox 676 2329 777 2361; x_wconf 71' lang='lat' dir='ltr'>belloque</span> <span class='ocrx_word' id='word_1_309' title='bbox 788 2337 916 2362; x_wconf 71' lang='lat' dir='ltr'>per-emptos</span> 
     </span>
    </p>
   </div>
   <div class='ocr_carea' id='block_1_12' title="bbox 278 2360 848 2427">
    <p class='ocr_par' dir='ltr' id='par_1_16' title="bbox 278 2360 848 2427">
     <span class='ocr_line' id='line_1_47' title="bbox 278 2360 848 2394; baseline 0.007 -11"><span class='ocrx_word' id='word_1_310' title='bbox 278 2360 393 2384; x_wconf 69' lang='lat' dir='ltr'>Laudibus</span> <span class='ocrx_word' id='word_1_311' title='bbox 405 2362 429 2385; x_wconf 72' lang='lat' dir='ltr'>iri</span> <span class='ocrx_word' id='word_1_312' title='bbox 442 2363 538 2393; x_wconf 71' lang='lat' dir='ltr'>longum</span> <span class='ocrx_word' id='word_1_313' title='bbox 551 2370 614 2394; x_wconf 61' lang='lat' dir='ltr'>vsrer</span> <span class='ocrx_word' id='word_1_314' title='bbox 625 2364 744 2387; x_wconf 64' lang='lat' dir='ltr'>dimittitis</span> <span class='ocrx_word' id='word_1_315' title='bbox 755 2372 828 2388; x_wconf 79' lang='lat' dir='ltr'>aevum</span> <span class='ocrx_word' id='word_1_316' title='bbox 841 2382 848 2391; x_wconf 87' lang='lat'><em>,</em></span> 
     </span>
     <span class='ocr_line' id='line_1_48' title="bbox 279 2393 774 2427; baseline 0.014 -10"><span class='ocrx_word' id='word_1_317' title='bbox 279 2393 567 2427; x_wconf 74' lang='lat' dir='ltr'>Plurimasecurifudi&#39;ftis</span> <span class='ocrx_word' id='word_1_318' title='bbox 579 2397 685 2422; x_wconf 79' lang='lat' dir='ltr'>carmina</span> <span class='ocrx_word' id='word_1_319' title='bbox 698 2396 774 2424; x_wconf 67' lang='lat' dir='ltr'>bardi.</span> 
     </span>
    </p>
   </div>
   <div class='ocr_carea' id='block_1_13' title="bbox 369 2455 606 2499">
    <p class='ocr_par' dir='ltr' id='par_1_17' title="bbox 369 2455 606 2499">
     <span class='ocr_line' id='line_1_49' title="bbox 369 2455 606 2499; baseline 0 -5"><span class='ocrx_word' id='word_1_320' title='bbox 369 2455 475 2498; x_wconf 84' lang='lat' dir='ltr'>Tom.</span> <span class='ocrx_word' id='word_1_321' title='bbox 516 2457 606 2499; x_wconf 85' lang='lat' dir='ltr'>JV.</span> 
     </span>
    </p>
   </div>
   <div class='ocr_carea' id='block_1_14' title="bbox 945 1682 1625 2196">
    <p class='ocr_par' dir='ltr' id='par_1_18' title="bbox 945 1682 1619 1845">
     <span class='ocr_line' id='line_1_50' title="bbox 946 1682 1618 1724; baseline -0.015 -7"><span class='ocrx_word' id='word_1_322' title='bbox 946 1687 1030 1724; x_wconf 63' lang='lat' dir='ltr'>genti</span> <span class='ocrx_word' id='word_1_323' title='bbox 1045 1710 1052 1721; x_wconf 88' lang='lat'><strong><em>‚</em></strong></span> <span class='ocrx_word' id='word_1_324' title='bbox 1083 1685 1196 1722; x_wconf 79' lang='lat' dir='ltr'>cuique</span> <span class='ocrx_word' id='word_1_325' title='bbox 1219 1685 1312 1714; x_wconf 88' lang='lat' dir='ltr'>etiam</span> <span class='ocrx_word' id='word_1_326' title='bbox 1335 1682 1459 1712; x_wconf 77' lang='lat' dir='ltr'>familia:</span> <span class='ocrx_word' id='word_1_327' title='bbox 1484 1689 1618 1724; x_wconf 36' lang='lat' dir='ltr'>prop-ria.</span> 
     </span>
     <span class='ocr_line' id='line_1_51' title="bbox 945 1719 1619 1758; baseline -0.021 0"><span class='ocrx_word' id='word_1_328' title='bbox 945 1719 1025 1757; x_wconf 73' lang='lat' dir='ltr'>‘vide</span> <span class='ocrx_word' id='word_1_329' title='bbox 1044 1725 1121 1755; x_wconf 69' lang='lat' dir='ltr'>Rde</span> <span class='ocrx_word' id='word_1_330' title='bbox 1134 1723 1336 1757; x_wconf 80' lang='lat' dir='ltr'>Cliarlevoix‚</span> <span class='ocrx_word' id='word_1_331' title='bbox 1353 1719 1619 1758; x_wconf 58' lang='lat' dir='ltr'>Journalhzstorique</span> 
     </span>
     <span class='ocr_line' id='line_1_52' title="bbox 946 1759 1619 1804; baseline -0.01 -10"><span class='ocrx_word' id='word_1_332' title='bbox 946 1766 1009 1794; x_wconf 79' lang='lat' dir='ltr'>d&#39;uri</span> <span class='ocrx_word' id='word_1_333' title='bbox 1032 1775 1134 1804; x_wconf 75' lang='lat' dir='ltr'>voyage</span> <span class='ocrx_word' id='word_1_334' title='bbox 1156 1764 1188 1793; x_wconf 80' lang='lat' dir='ltr'>de</span> <span class='ocrx_word' id='word_1_335' title='bbox 1214 1763 1388 1801; x_wconf 51' lang='lat' dir='ltr'>I&#39;Amffri&#39;yue.</span> <span class='ocrx_word' id='word_1_336' title='bbox 1413 1762 1519 1790; x_wconf 84' lang='lat' dir='ltr'>Lettre</span> <span class='ocrx_word' id='word_1_337' title='bbox 1535 1759 1619 1789; x_wconf 78' lang='lat' dir='ltr'><strong>XIV.</strong></span> 
     </span>
     <span class='ocr_line' id='line_1_53' title="bbox 946 1813 1566 1845; baseline -0.011 -12"><span class='ocrx_word' id='word_1_338' title='bbox 946 1816 1013 1845; x_wconf 77' lang='lat' dir='ltr'>pag.</span> <span class='ocrx_word' id='word_1_339' title='bbox 1031 1815 1101 1842; x_wconf 89' lang='lat'>2¹7·</span> <span class='ocrx_word' id='word_1_340' title='bbox 1525 1837 1530 1842; x_wconf 45' lang='grc'><em>.</em></span> <span class='ocrx_word' id='word_1_341' title='bbox 1563 1813 1566 1817; x_wconf 87' lang='grc'><em>·</em></span> 
     </span>
    </p>

    <p class='ocr_par' dir='ltr' id='par_1_19' title="bbox 947 1837 1622 2001">
     <span class='ocr_line' id='line_1_54' title="bbox 987 1837 1619 1878; baseline -0.013 -4"><span class='ocrx_word' id='word_1_342' title='bbox 987 1850 995 1870; x_wconf 80' lang='lat'><em>³</em></span> <span class='ocrx_word' id='word_1_343' title='bbox 1020 1845 1186 1873; x_wconf 53' lang='lat' dir='ltr'>Finutoso</span> <span class='ocrx_word' id='word_1_344' title='bbox 1211 1842 1358 1878; x_wconf 77' lang='lat' dir='ltr'>ERRORE]</span> <span class='ocrx_word' id='word_1_345' title='bbox 1380 1842 1464 1870; x_wconf 82' lang='lat' dir='ltr'>Bene</span> <span class='ocrx_word' id='word_1_346' title='bbox 1479 1837 1619 1877; x_wconf 87' lang='lat' dir='ltr'>quidem.</span> 
     </span>
     <span class='ocr_line' id='line_1_55' title="bbox 947 1877 1620 1920; baseline -0.013 -6"><span class='ocrx_word' id='word_1_347' title='bbox 947 1884 1011 1914; x_wconf 87' lang='lat' dir='ltr'>Hac</span> <span class='ocrx_word' id='word_1_348' title='bbox 1028 1891 1132 1913; x_wconf 85' lang='lat' dir='ltr'>tamen</span> <span class='ocrx_word' id='word_1_349' title='bbox 1154 1882 1275 1918; x_wconf 56' lang='lat' dir='ltr'>fabula,</span> <span class='ocrx_word' id='word_1_350' title='bbox 1299 1880 1389 1911; x_wconf 89' lang='lat' dir='ltr'>multi</span> <span class='ocrx_word' id='word_1_351' title='bbox 1408 1903 1415 1914; x_wconf 82' lang='lat'><em>‚</em></span> <span class='ocrx_word' id='word_1_352' title='bbox 1440 1887 1473 1909; x_wconf 85' lang='lat' dir='ltr'>ut</span> <span class='ocrx_word' id='word_1_353' title='bbox 1496 1877 1620 1920; x_wconf 72' lang='lat' dir='ltr'>laudern</span> 
     </span>
     <span class='ocr_line' id='line_1_56' title="bbox 948 1919 1622 1966; baseline -0.013 -13"><span class='ocrx_word' id='word_1_354' title='bbox 948 1923 1083 1954; x_wconf 82' lang='lat' dir='ltr'>scientiae</span> <span class='ocrx_word' id='word_1_355' title='bbox 1102 1929 1274 1966; x_wconf 75' lang='lat' dir='ltr'>quaererent</span> <span class='ocrx_word' id='word_1_356' title='bbox 1287 1943 1295 1956; x_wconf 83' lang='lat'><strong>,</strong></span> <span class='ocrx_word' id='word_1_357' title='bbox 1312 1919 1500 1959; x_wconf 81' lang='lat' dir='ltr'>populorum</span> <span class='ocrx_word' id='word_1_358' title='bbox 1522 1926 1622 1955; x_wconf 82' lang='lat' dir='ltr'>origi-</span> 
     </span>
     <span class='ocr_line' id='line_1_57' title="bbox 947 1960 1553 2001; baseline -0.013 -8"><span class='ocrx_word' id='word_1_359' title='bbox 947 1974 1001 1993; x_wconf 83' lang='lat' dir='ltr'>nes</span> <span class='ocrx_word' id='word_1_360' title='bbox 1015 1960 1367 2000; x_wconf 84' lang='lat' dir='ltr'>historiarumqueinitia</span> <span class='ocrx_word' id='word_1_361' title='bbox 1377 1966 1553 2001; x_wconf 72' lang='lat' dir='ltr'>corrupere.</span> 
     </span>
    </p>

    <p class='ocr_par' dir='ltr' id='par_1_20' title="bbox 950 1997 1622 2079">
     <span class='ocr_line' id='line_1_58' title="bbox 987 1997 1621 2036; baseline -0.014 -4"><span class='ocrx_word' id='word_1_362' title='bbox 987 2007 1002 2026; x_wconf 74' lang='lat'>4</span> <span class='ocrx_word' id='word_1_363' title='bbox 1025 2001 1340 2036; x_wconf 69' lang='lat' dir='ltr'>Ascinunciumouss]</span> <span class='ocrx_word' id='word_1_364' title='bbox 1383 1997 1596 2033; x_wconf 73' lang='lat' dir='ltr'>Asciburgium</span> <span class='ocrx_word' id='word_1_365' title='bbox 1611 2016 1621 2029; x_wconf 87' lang='lat'>,</span> 
     </span>
     <span class='ocr_line' id='line_1_59' title="bbox 950 2034 1622 2079; baseline -0.016 -7"><span class='ocrx_word' id='word_1_366' title='bbox 950 2052 1032 2072; x_wconf 86' lang='lat' dir='ltr'>nunc</span> <span class='ocrx_word' id='word_1_367' title='bbox 1055 2040 1181 2079; x_wconf 79' lang='lat' dir='ltr'>Arbourg</span> <span class='ocrx_word' id='word_1_368' title='bbox 1203 2063 1211 2075; x_wconf 91' lang='lat'>‚</span> <span class='ocrx_word' id='word_1_369' title='bbox 1238 2038 1310 2067; x_wconf 72' lang='lat' dir='ltr'>(ianr</span> <span class='ocrx_word' id='word_1_370' title='bbox 1329 2038 1352 2066; x_wconf 77' lang='lat' dir='ltr'>[e</span> <span class='ocrx_word' id='word_1_371' title='bbox 1368 2037 1453 2065; x_wconf 75' lang='lat' dir='ltr'>comre&#39;</span> <span class='ocrx_word' id='word_1_372' title='bbox 1468 2034 1499 2063; x_wconf 79' lang='lat' dir='ltr'>de</span> <span class='ocrx_word' id='word_1_373' title='bbox 1513 2034 1622 2064; x_wconf 65' lang='lat' dir='ltr'>Meum.</span> 
     </span>
    </p>

    <p class='ocr_par' dir='ltr' id='par_1_21' title="bbox 952 2074 1625 2196">
     <span class='ocr_line' id='line_1_60' title="bbox 993 2074 1623 2118; baseline -0.01 -10"><span class='ocrx_word' id='word_1_374' title='bbox 993 2087 1000 2108; x_wconf 84' lang='lat'>5</span> <span class='ocrx_word' id='word_1_375' title='bbox 1026 2082 1216 2112; x_wconf 63' lang='lat' dir='ltr'>lucomrun]</span> <span class='ocrx_word' id='word_1_376' title='bbox 1239 2078 1287 2108; x_wconf 89' lang='lat' dir='ltr'>Ibi</span> <span class='ocrx_word' id='word_1_377' title='bbox 1308 2084 1393 2107; x_wconf 85' lang='lat' dir='ltr'>erant</span> <span class='ocrx_word' id='word_1_378' title='bbox 1406 2075 1534 2118; x_wconf 84' lang='lat' dir='ltr'>hiberna</span> <span class='ocrx_word' id='word_1_379' title='bbox 1548 2074 1623 2108; x_wconf 77' lang='lat' dir='ltr'>alce,</span> 
     </span>
     <span class='ocr_line' id='line_1_61' title="bbox 952 2114 1624 2159; baseline -0.012 -9"><span class='ocrx_word' id='word_1_380' title='bbox 952 2128 984 2151; x_wconf 88' lang='lat' dir='ltr'>ut</span> <span class='ocrx_word' id='word_1_381' title='bbox 996 2119 1130 2149; x_wconf 79' lang='lat' dir='ltr'>vidimus</span> <span class='ocrx_word' id='word_1_382' title='bbox 1151 2118 1237 2156; x_wconf 67' lang='lat' dir='ltr'>supra</span> <span class='ocrx_word' id='word_1_383' title='bbox 1260 2117 1333 2147; x_wconf 89' lang='lat' dir='ltr'>Hist.</span> <span class='ocrx_word' id='word_1_384' title='bbox 1348 2117 1388 2159; x_wconf 73' lang='lat' dir='ltr'>lV</span> <span class='ocrx_word' id='word_1_385' title='bbox 1402 2139 1416 2159; x_wconf 31' lang='grc' dir='ltr'>,Π</span> <span class='ocrx_word' id='word_1_386' title='bbox 1428 2125 1437 2151; x_wconf 87' lang='lat'>3</span> <span class='ocrx_word' id='word_1_387' title='bbox 1449 2125 1475 2158; x_wconf 42' lang='grc' dir='ltr'>ζ..</span> <span class='ocrx_word' id='word_1_388' title='bbox 1486 2115 1533 2144; x_wconf 91' lang='lat' dir='ltr'>lbi</span> <span class='ocrx_word' id='word_1_389' title='bbox 1546 2114 1624 2143; x_wconf 84' lang='lat' dir='ltr'>Clu-</span> 
     </span>
     <span class='ocr_line' id='line_1_62' title="bbox 952 2154 1625 2196; baseline -0.009 -7"><span class='ocrx_word' id='word_1_390' title='bbox 952 2159 1031 2189; x_wconf 86' lang='lat' dir='ltr'>verii</span> <span class='ocrx_word' id='word_1_391' title='bbox 1054 2166 1142 2189; x_wconf 82' lang='lat' dir='ltr'>aetate</span> <span class='ocrx_word' id='word_1_392' title='bbox 1162 2165 1281 2196; x_wconf 82' lang='lat' dir='ltr'>reperta</span> <span class='ocrx_word' id='word_1_393' title='bbox 1299 2162 1493 2195; x_wconf 74' lang='lat' dir='ltr'>antiquitatis</span> <span class='ocrx_word' id='word_1_394' title='bbox 1513 2154 1625 2184; x_wconf 64' lang='lat' dir='ltr'>Roma⁴</span> 
     </span>
    </p>
   </div>
   <div class='ocr_carea' id='block_1_15' title="bbox 905 2198 1138 2235">
    <p class='ocr_par' dir='ltr' id='par_1_22' title="bbox 905 2198 1138 2235">
     <span class='ocr_line' id='line_1_63' title="bbox 905 2198 1138 2235; baseline -0.009 -7"><span class='ocrx_word' id='word_1_395' title='bbox 905 2223 912 2235; x_wconf 93' lang='lat'>‚</span> <span class='ocrx_word' id='word_1_396' title='bbox 953 2209 998 2228; x_wconf 86' lang='lat' dir='ltr'>nae</span> <span class='ocrx_word' id='word_1_397' title='bbox 1018 2198 1138 2228; x_wconf 87' lang='lat' dir='ltr'>rudera.</span> 
     </span>
    </p>
   </div>
   <div class='ocr_carea' id='block_1_16' title="bbox 955 2231 1630 2433">
    <p class='ocr_par' dir='ltr' id='par_1_23' title="bbox 955 2231 1630 2433">
     <span class='ocr_line' id='line_1_64' title="bbox 993 2231 1626 2268; baseline -0.014 0"><span class='ocrx_word' id='word_1_398' title='bbox 993 2239 1005 2257; x_wconf 82' lang='lat'><strong><em>⁶</em></strong></span> <span class='ocrx_word' id='word_1_399' title='bbox 1028 2238 1152 2268; x_wconf 68' lang='lat' dir='ltr'>Gaffims</span> <span class='ocrx_word' id='word_1_400' title='bbox 1173 2245 1293 2266; x_wconf 79' lang='lat' dir='ltr'>LITERIS</span> <span class='ocrx_word' id='word_1_401' title='bbox 1318 2243 1497 2265; x_wconf 77' lang='lat' dir='ltr'>lechr&#39;Tos</span> <span class='ocrx_word' id='word_1_402' title='bbox 1517 2232 1531 2268; x_wconf 93' lang='lat'>]</span> <span class='ocrx_word' id='word_1_403' title='bbox 1558 2231 1626 2260; x_wconf 57' lang='lat' dir='ltr'>Ne„</span> 
     </span>
     <span class='ocr_line' id='line_1_65' title="bbox 955 2267 1628 2316; baseline -0.015 -9"><span class='ocrx_word' id='word_1_404' title='bbox 955 2287 1014 2316; x_wconf 90' lang='lat' dir='ltr'>que</span> <span class='ocrx_word' id='word_1_405' title='bbox 1039 2277 1081 2306; x_wconf 79' lang='lat' dir='ltr'>ita</span> <span class='ocrx_word' id='word_1_406' title='bbox 1102 2275 1212 2304; x_wconf 88' lang='lat' dir='ltr'>mirum</span> <span class='ocrx_word' id='word_1_407' title='bbox 1227 2286 1236 2312; x_wconf 76' lang='lat'><em>3</em></span> <span class='ocrx_word' id='word_1_408' title='bbox 1263 2278 1333 2305; x_wconf 70' lang='lat' dir='ltr'>cum</span> <span class='ocrx_word' id='word_1_409' title='bbox 1348 2285 1364 2304; x_wconf 91' lang='lat' dir='ltr'>a</span> <span class='ocrx_word' id='word_1_410' title='bbox 1377 2272 1490 2304; x_wconf 77' lang='lat' dir='ltr'>Graecis</span> <span class='ocrx_word' id='word_1_411' title='bbox 1506 2271 1543 2300; x_wconf 87' lang='lat' dir='ltr'>ad</span> <span class='ocrx_word' id='word_1_412' title='bbox 1556 2267 1628 2312; x_wconf 52' lang='lat'>5³¹·</span> 
     </span>
     <span class='ocr_line' id='line_1_66' title="bbox 956 2313 1630 2353; baseline -0.015 -7"><span class='ocrx_word' id='word_1_413' title='bbox 956 2317 1001 2347; x_wconf 81' lang='lat' dir='ltr'>los</span> <span class='ocrx_word' id='word_1_414' title='bbox 1016 2340 1024 2351; x_wconf 90' lang='lat'><em>‚</em></span> <span class='ocrx_word' id='word_1_415' title='bbox 1048 2314 1283 2353; x_wconf 87' lang='lat' dir='ltr'>Germanosque</span> <span class='ocrx_word' id='word_1_416' title='bbox 1311 2314 1406 2344; x_wconf 82' lang='lat' dir='ltr'>literae</span> <span class='ocrx_word' id='word_1_417' title='bbox 1435 2313 1630 2342; x_wconf 84' lang='lat' dir='ltr'>devenerint.</span> 
     </span>
     <span class='ocr_line' id='line_1_67' title="bbox 957 2350 1628 2393; baseline -0.01 -9"><span class='ocrx_word' id='word_1_418' title='bbox 957 2355 1027 2393; x_wconf 67' lang='lat' dir='ltr'>Qua</span> <span class='ocrx_word' id='word_1_419' title='bbox 1043 2356 1081 2384; x_wconf 85' lang='lat' dir='ltr'>de</span> <span class='ocrx_word' id='word_1_420' title='bbox 1094 2364 1125 2384; x_wconf 91' lang='lat' dir='ltr'>re</span> <span class='ocrx_word' id='word_1_421' title='bbox 1139 2354 1223 2392; x_wconf 86' lang='lat' dir='ltr'>plura</span> <span class='ocrx_word' id='word_1_422' title='bbox 1239 2353 1312 2383; x_wconf 88' lang='lat' dir='ltr'>vide</span> <span class='ocrx_word' id='word_1_423' title='bbox 1327 2353 1359 2383; x_wconf 87' lang='lat' dir='ltr'>in</span> <span class='ocrx_word' id='word_1_424' title='bbox 1374 2351 1467 2383; x_wconf 87' lang='lat' dir='ltr'>Notis</span> <span class='ocrx_word' id='word_1_425' title='bbox 1480 2350 1628 2382; x_wconf 54' lang='lat' dir='ltr'>&amp;limena</span> 
     </span>
     <span class='ocr_line' id='line_1_68' title="bbox 958 2393 1313 2433; baseline -0.014 -6"><span class='ocrx_word' id='word_1_426' title='bbox 958 2394 1139 2427; x_wconf 77' lang='lat' dir='ltr'>dationibus</span> <span class='ocrx_word' id='word_1_427' title='bbox 1153 2393 1192 2425; x_wconf 78' lang='lat' dir='ltr'>ad</span> <span class='ocrx_word' id='word_1_428' title='bbox 1204 2403 1269 2433; x_wconf 81' lang='lat' dir='ltr'>cap.</span> <span class='ocrx_word' id='word_1_429' title='bbox 1285 2403 1313 2431; x_wconf 86' lang='lat'>3.</span> 
     </span>
    </p>
   </div>
   <div class='ocr_carea' id='block_1_17' title="bbox 1351 2452 1384 2494">
    <p class='ocr_par' dir='ltr' id='par_1_24' title="bbox 1351 2452 1384 2494">
     <span class='ocr_line' id='line_1_69' title="bbox 1351 2452 1384 2494; baseline 0 0"><span class='ocrx_word' id='word_1_430' title='bbox 1351 2452 1384 2494; x_wconf 92' lang='lat' dir='ltr'>B</span> 
     </span>
    </p>
   </div>
  </div>
 </body>
</html>
