1952 2708
376 158 455 193 128
627 150 675 190 C.
735 147 1157 190 CORNELII
1210 144 1523 188 TACITI

367 232 524 273 Bassum
548 231 739 283 requirit?
766 242 883 283 atque
909 229 1008 269 adeo
1036 229 1060 267 si
1084 230 1170 282 quis
1194 230 1357 282 requirit
1373 258 1385 278 ‚
1415 232 1453 268 ὅ(
1478 224 1601 268 semel
1626 224 1753 277 vidit,

367 293 501 335 transit
525 297 564 333 &
588 306 802 333 contentus
828 293 908 338 est;
937 306 981 332 ut
1004 292 1028 330 sl
1054 293 1245 347 pithuam
1270 290 1469 344 aliquam,
1498 290 1563 330 vel
1590 291 1754 330 statuam

368 357 536 398 vidisset.
565 357 708 410 Neque
734 358 842 395 hunc
869 368 1003 394 meum
1028 354 1251 394 sermonem
1273 354 1324 394 sic
1347 355 1478 408 accipi
1498 352 1596 393 volo
1612 382 1625 402 ,
1651 366 1751 393 tam-

367 435 484 474 quam
508 434 601 469 eos,
630 418 771 473 quibus
794 430 932 458 natura
953 417 1019 456 sua
1046 417 1262 457 oratorium
1287 417 1493 470 ingenium
1518 416 1755 469 denegavit,

368 483 587 523 deterream
605 497 627 522 a
644 480 906 529 carminibus,
928 479 953 517 fi
972 479 1094 519 modo
1111 480 1152 518 in
1168 480 1245 518 hac
1262 478 1479 518 studiorum
1494 491 1604 533 parte
1621 476 1755 517 oblec-

368 559 451 587 tare
476 546 632 595 otium,
661 549 701 585 &
729 557 877 584 nomen
899 542 1067 582 inserere
1095 541 1254 597 possunt
1282 541 1416 581 famre:
1445 555 1522 595 ego
1547 542 1643 580 vero
1671 555 1754 580 om-

369 623 462 649 nem
487 607 759 662 eloquentiam
784 605 1000 659 omnesque
1023 603 1107 656 ejus
1135 618 1263 660 partes
1289 609 1299 626 ¹
1326 604 1452 645 sacras
1484 608 1524 643 &
1552 602 1753 643 venerabi-

365 670 424 712 les
450 685 570 727 put0:
601 685 676 711 nec
702 668 828 710 solum
857 670 1101 710 cothurnum
1130 668 1300 708 vestrum
1324 671 1366 717 ²,
1395 679 1461 708 aut
1487 667 1641 707 heroici
1667 680 1755 706 car-

367 736 485 776 minis
506 735 646 774 sonum
661 763 673 783 ,
705 732 771 772 sed
790 731 1006 785 lyricorum
1026 745 1185 785 quoque
1207 728 1497 782 jucunditatem
1513 760 1525 780 ,
1553 733 1593 770 ὃ(
1615 729 1754 783 elego-

368 813 455 837 rum
476 797 655 837 lascivias
670 825 682 846 ,
704 799 743 835 &
764 794 987 836 iamborum
1006 794 1310 835 amaritudinem
1324 823 1336 844 ,
1363 798 1403 834 &
1423 795 1754 849 epigrammatum

369 858 477 900 lusus
494 890 505 910 ‚
535 863 573 900 &c
597 873 888 913 quamcumque
909 857 1026 899 aliam
1050 858 1223 914 speciem
1246 855 1475 911 eloquentia
1499 855 1662 905 habeat,
1688 870 1755 895 an-

369 923 640 978 teponendam
671 921 811 962 ceteris
839 920 1003 961 aliarum
1031 922 1173 961 artium
1196 920 1327 960 studiis
1358 920 1500 960 credo:
1528 919 1595 959 sed
1619 932 1756 958 tecum

371 987 499 1036 mihi,
530 986 742 1035 Materne,
771 999 830 1025 res
857 986 934 1034 est,
962 984 1096 1038 quod,
1119 985 1209 1024 cum
1235 996 1373 1024 natura
1397 996 1465 1023 tua
1486 983 1525 1021 in
1552 981 1675 1037 ipsam
1697 994 1756 1020 ar-

372 1063 460 1090 cem
489 1047 728 1102 eloquenti-r
755 1047 883 1097 ferat,
913 1062 1039 1087 errare
1065 1047 1216 1096 mavis,
1245 1050 1284 1086 &
1312 1047 1461 1087 summa
1493 1045 1658 1100 adeptus
1675 1074 1688 1093 ,
1713 1044 1756 1083 in

371 1109 591 1152 levioribus
618 1111 794 1150 subsistis.
815 1111 870 1149 Ut
893 1110 918 1148 si
940 1111 981 1148 in
1011 1108 1164 1149 Gra-cia
1192 1122 1306 1149 natus
1332 1109 1427 1149 esses
1445 1138 1457 1158 ,
1487 1107 1556 1147 ubi
1580 1106 1754 1147 ludicras

371 1188 531 1227 quoque
552 1187 652 1214 artes
674 1187 861 1213 exercere
882 1174 1091 1213 honestum
1109 1173 1162 1212 est
1176 1201 1187 1221 ‚
1209 1187 1254 1212 ac
1276 1170 1348 1211 tibi
1362 1171 1580 1212 Nicostrati
1602 1169 1722 1210 robur
1742 1174 1752 1197 ³

371 1251 420 1277 ac
446 1238 547 1277 vires
572 1237 626 1277 dii
647 1235 867 1285 dedissent,
896 1251 978 1276 non
1002 1248 1156 1291 paterer
1179 1236 1372 1275 immanes
1398 1233 1489 1274 illos
1515 1233 1561 1273 ad
1582 1247 1757 1288 pugnam

373 1299 487 1340 datos
512 1298 713 1349 lacertos,
746 1298 909 1339 levitate
941 1297 1064 1350 jaculi
1095 1311 1162 1338 aut
1185 1296 1287 1349 ja&u
1312 1297 1409 1338 disci
1439 1296 1675 1337 vanescere:
1704 1296 1758 1336 sic

371 1377 481 1402 nunc
501 1375 541 1403 te
563 1362 610 1403 ab
631 1362 835 1402 auditoriis
861 1366 880 1388 4
907 1366 945 1402 ὅ(
969 1362 1132 1402 theatris
1147 1391 1158 1410 ‚
1187 1363 1227 1400 in
1248 1361 1380 1401 forum
1408 1364 1447 1400 ὅ(
1477 1360 1525 1401 ad
1549 1360 1682 1400 causas
1713 1363 1754 1398 ὃ(

372 1424 421 1465 ad
452 1440 544 1465 vera
570 1424 712 1481 proclia
739 1439 870 1465 voco:
901 1428 991 1466 cum
1019 1424 1228 1480 praesertim
1258 1439 1306 1464 ne
1336 1424 1384 1464 ad
1406 1424 1445 1464 id
1467 1423 1627 1477 quidem
1658 1439 1755 1464 con-

372 1487 530 1542 surgere
555 1489 670 1544 possis
687 1515 700 1538 ,
731 1487 838 1541 quod
859 1485 1053 1542 plerisque
1076 1489 1349 1543 patrocinatur
1364 1516 1376 1536 ,
1403 1500 1605 1540 tamquam
1626 1488 1756 1528 minus

376 1550 597 1590 obnoxium
624 1551 668 1591 sit
694 1550 898 1591 offendere
920 1556 932 1582 5
956 1564 1164 1606 poetarum
1180 1580 1192 1600 ,
1212 1548 1330 1604 quam
1351 1562 1554 1590 oratorum
1575 1550 1756 1592 studium.

375 1612 613 1655 Effervescit
633 1615 739 1654 enim
760 1615 818 1654 vis
844 1612 1118 1668 pulcherrima:
1142 1628 1286 1653 naturae
1306 1625 1407 1663 tuae,
1434 1629 1510 1654 nec
1530 1628 1603 1669 pro
1625 1615 1757 1654 amico

375 1675 511 1730 aliquo
526 1707 538 1727 ,
562 1677 629 1717 sed
651 1677 757 1730 quod
778 1676 1036 1732 periculosius
1055 1678 1108 1718 est
1123 1706 1135 1727 ‚
1154 1691 1225 1732 pro
1247 1676 1404 1717 Catone
1424 1675 1441 1697 ⁶
1463 1676 1656 1717 offendis:
1680 1691 1757 1717 nec

375 1740 587 1780 excusatur
610 1740 761 1780 offensa
786 1740 1069 1781 necesfitudine
1092 1739 1244 1789 officii,
1270 1753 1336 1780 aut
1358 1739 1434 1780 fide
1457 1739 1757 1790 advocationis,

375 1817 442 1844 aut
476 1803 646 1844 fortuitae
675 1807 716 1844 &1
739 1801 873 1843 subitae
905 1804 1088 1846 difflonis
1116 1805 1269 1859 impetu
1311 1820 1320 1842 ε
1357 1802 1570 1843 meditatus
1613 1802 1758 1844 videris

418 1917 425 1930 ¹
451 1913 623 1947 OMNESQUE
647 1921 714 1944 mus
738 1913 877 1948 PAR-trs]
894 1911 959 1950 Ego
973 1910 1048 1941 verb
1086 1919 1153 1942 tum
1179 1921 1305 1951 quoque
1324 1912 1429 1942 laudat
1447 1911 1622 1946 Paustmhs,
1643 1913 1686 1948 V,
1707 1917 1758 1942 21;

379 1961 506 1981 omnem
524 1951 737 1990 eloquentiam
751 1974 760 1986 ,
779 1950 841 1981 sive
855 1950 990 1981 oratoria
1002 1949 1047 1986 fit,
1064 1939 1071 1985 l
1087 1952 1121 1983 ὅ(
1142 1962 1212 1981 eum
1235 1951 1322 1981 fuisse
1337 1951 1457 1982 orioine
1468 1951 1600 1982 Cilicem
1614 1951 1717 1981 docet.

377 1990 439 2020 five
461 1990 583 2029 poetica
608 2013 617 2026 ‚
650 1990 818 2029 omnesque
849 1990 913 2028 ejus
949 1998 1047 2028 partes
1125 1995 1139 2013 4
1171 1993 1215 2020 AB
1257 1976 1466 2027 ,mon-orsus]
1500 1992 1535 2019 In
1559 1990 1671 2029 quibus
1692 1998 1756 2020 tra-

378 2029 471 2059 sacras
490 2031 522 2060 ὃ(
535 2030 728 2060 venerabiles
749 2038 836 2068 puto.

1087 2029 1202 2069 goedias
1222 2029 1285 2060 suas
1306 2031 1462 2060 Maternus
1480 2029 1637 2060 recitabat.

418 2072 427 2084 ²
455 2071 656 2098 COTHURNUM
677 2069 846 2104 vrsrnum]
860 2067 1046 2106 Tragoedias.

1129 2075 1137 2095 5
1163 2071 1339 2100 Ossuoxmm
1362 2081 1409 2100 srr
1432 2080 1613 2100 oFFENDERE
1635 2069 1649 2104 ]
1677 2069 1757 2098 Tam

418 2112 427 2132 3
454 2110 647 2137 Nicon-Rari
669 2113 795 2142 nomm]
815 2108 861 2137 De
872 2107 1046 2138 Nicostrato
1087 2117 1248 2146 poetarum
1267 2132 1275 2146 ,
1295 2110 1388 2147 quam
1411 2116 1569 2139 oratorum
1586 2130 1596 2145 ‚
1626 2107 1757 2138 studium

379 2146 590 2182 Quintilianus
612 2171 620 2182 ‚
646 2146 733 2185 Instit.
749 2147 830 2176 Orat.
854 2148 879 2175 11
894 2170 901 2181 ,
921 2157 950 2181 9.
967 2146 1005 2173 Ar
1028 2146 1048 2182 fi

1019 2180 1026 2184 .
1088 2147 1265 2178 obnoxium
1283 2148 1324 2177 est
1345 2147 1477 2178 offensae.

370 2184 460 2221 fuerit
477 2208 485 2219 ‚
510 2187 552 2223 qui
576 2185 731 2221 αόσεῖιὶῑιιν,
753 2185 819 2221 dle,
841 2195 915 2223 quem
942 2184 1046 2222 czdoltjf-
1127 2188 1140 2205 ⁶
1174 2188 1235 2217 PRO
1270 2188 1423 2219 CATONE]
1454 2186 1500 2214 De
1524 2183 1583 2223 qua
1606 2184 1755 2218 tra‘zoediai

378 2233 470 2252 cemes
481 2225 570 2261 senem
594 2224 710 2253 vidimus
725 2248 734 2260 ‚
752 2223 925 2256 Nicostratus
937 2236 945 2251 :
959 2224 1047 2252 omni-
1087 2225 1148 2261 jam
1161 2226 1275 2255 dignam
1291 2225 1377 2261 supra
1388 2234 1454 2262 cap.
1473 2235 1488 2253 2
1505 2224 1609 2262 &seq-
1623 2224 1757 2263 Vigente

377 2262 428 2291 bus
450 2264 477 2292 in
495 2274 522 2291 eo
551 2262 661 2293 docendi
678 2263 934 2302 partibusfimiliter
945 2273 1045 2297 utetur,
1087 2264 1217 2302 imperio
1231 2287 1240 2298 ‚
1266 2263 1411 2302 novaque
1440 2263 1612 2301 Vespasiani
1634 2264 1730 2293 domo
1747 2286 1758 2300 ,

378 2301 524 2340 efficietque
547 2302 618 2330 illum
632 2326 639 2338 ‚
665 2303 752 2341 qualis
771 2303 812 2331 hic
823 2302 880 2339 fuit
894 2327 902 2338 ‚
923 2302 1046 2331 [afflando
1088 2305 1185 2338 Cato,
1208 2302 1358 2333 libertatis
1377 2302 1513 2332 adsertor
1531 2326 1539 2337 ‚
1563 2302 1757 2332 invidiosum

377 2341 575 2379 pugnandoque
591 2343 658 2378 (quo
672 2352 779 2379 utroque
790 2342 936 2370 certamine
956 2341 1045 2379 iisdem
1088 2351 1150 2372 erat
1163 2341 1315 2376 traaoediae
1333 2350 1565 2382 argumentum,
1584 2342 1617 2373 ὃ(
1634 2341 1757 2372 offensis

380 2379 473 2411 diebus
494 2380 674 2411 coronabatur
694 2385 706 2421 ')
732 2381 868 2412 invidum.
891 2381 1046 2412 Nicostra-
1063 2401 1070 2419 2
1088 2381 1276 2413 obnoxium.

1602 2439 1762 2496 elegisse

1784 803 1838 834 10.

1782 1435 1837 1464 20
