1952 2708
241 201 354 216 ’Ξ

239 235 351 258 A.U.C.

258 290 331 318 797·

264 337 288 360 J.
299 337 328 360 C.

266 392 319 420 44·

372 114 461 150 400
686 94 1491 139 SUPPLEMENTUM

435 177 542 218 VII.
576 176 754 217 EADEM
790 175 1024 218 libertorum
1063 175 1228 219 licentia
1253 208 1265 228 ,
1307 179 1505 218 incertum
1540 193 1588 219 an
1620 180 1760 234 populi

373 240 524 282 ambitu
548 270 561 290 ‚
597 240 701 281 forte
735 240 852 296 ipsius
879 242 1074 296 Principis
1103 271 1116 291 ‚
1146 240 1307 282 civilem
1330 241 1475 282 famam
1503 242 1761 294 adfeciantis,

373 304 566 345 facilitate
587 333 601 355 ,
631 305 787 344 Achaia
813 304 1138 357 Macedoniaque
1161 309 1170 325 ¹
1191 333 1204 354 ,
1227 320 1321 358 quas
1336 305 1522 345 Tiberius
1547 306 1595 346 ad
1623 321 1761 347 curam

371 368 481 408 suam
499 366 749 408 transtulerat
764 370 778 387 ²
794 396 807 417 ,
827 367 981 408 senatui
995 367 1169 407 redditae.
1196 367 1307 407 Dein
1328 372 1419 408 cum
1442 367 1637 409 imbecilli
1651 370 1760 410 Prin-

370 432 479 487 cipes
498 432 622 486 magis
639 432 680 470 in
697 431 992 472 commutandis
1008 460 1020 479 ,
1038 429 1156 483 quam
1175 431 1426 486 perficiendis
1455 432 1659 481 institutis,
1693 431 1756 472 lu-

367 493 547 535 bidinem
578 493 749 535 habeant
774 524 786 545 ,
829 496 905 535 hac
939 507 1099 548 quoque
1141 494 1205 533 via
1245 493 1294 534 ad
1334 492 1505 548 gloriam
1546 495 1757 536 contendit

367 557 586 605 Claudius;
617 571 832 611 curamque
858 558 980 597 aerarii
997 558 1159 597 Saturni
1176 561 1211 607 ³,
1242 557 1458 600 aD.Julio
1484 562 1501 585 4
1526 557 1758 613 praetoribus

365 621 498 662 datam
525 651 538 673 ,
570 620 821 675 quaestoribus
850 621 1030 661 restituit.
1062 621 1116 660 At
1142 633 1185 659 ut
1211 634 1346 661 vetera
1372 621 1553 661 novitate
1578 620 1756 662 celebra-

363 699 500 725 rentur
515 715 526 735 ,
547 685 699 725 edixit5
723 702 743 721 «
759 684 858 724 duos
873 684 1079 739 quaestores
1099 683 1185 724 fore
1206 685 1326 724 aerarii
1350 683 1552 739 praefeuos
1577 701 1585 724 ε
1612 699 1755 725 munus

363 763 466 804 »per
482 750 698 789 triennium
715 746 894 788 obituros
917 765 924 787 :
952 762 1000 788 eo
1018 746 1245 803 perfunSmS
1265 777 1277 798 ,
1317 748 1443 788 statim
1479 746 1545 788 vel
1577 747 1756 803 praetoria

364 812 593 866 »dignitate
619 841 631 862 ,
661 810 727 851 vel
765 811 888 866 digno
918 826 960 851 re
990 809 1095 866 gesta
1127 810 1268 851 salario
1297 811 1491 851 donatum
1519 811 1627 851 iri».
1656 810 1757 852 Eam

365 875 608 915 au'Ctoritatis
629 874 892 915 accessionem
909 876 1090 916 omnium
1111 888 1222 915 extra
1236 873 1385 914 Urbem
1403 873 1718 930 praefe&urarum
1739 871 1756 896 ⁶

365 937 630 992 abrogatione
653 938 931 994 compensavit
958 956 966 978 ε
996 937 1110 977 simul
1129 969 1141 988 ‚
1167 952 1211 978 ut
1238 937 1469 994 praetoribus
1498 936 1757 991 indulgeret,

365 1002 412 1041 iis
430 1001 606 1055 quaedam
632 1000 780 1053 judicia
798 1031 809 1051 ‚
841 1001 1053 1043 consulum
1075 1003 1234 1057 propria
1251 1031 1264 1051 ‚
1301 1001 1474 1057 permisit
1490 1005 1532 1047 ⁷3
1563 1001 1668 1041 haud
1693 1015 1757 1041 re-

365 1064 636 1120 pugnantibus
653 1063 884 1106 consulibus
910 1095 922 1115 ,
952 1066 1047 1118 qui,
1076 1066 1240 1120 pristina:
1264 1065 1469 1118 dignitatis
1497 1062 1640 1113 obliti,
1666 1079 1755 1104 mu-

363 1141 458 1167 nera
475 1127 810 1183 aspernabantur3
841 1129 883 1169 in
905 1129 1100 1184 Principis
1128 1128 1428 1169 venerationem
1458 1156 1472 1179 ‚
1515 1127 1758 1182 magnasque

363 1189 451 1245 spes
469 1191 627 1231 intenti.

428 1253 560 1293 VIII.
595 1255 788 1294 Mrtms
810 1251 1026 1307 utiliusque
1055 1254 1103 1294 ad
1120 1252 1320 1294 tollendas
1349 1252 1591 1301 iudiciorum
1623 1268 1755 1295 moras

362 1315 561 1356 sancitum
583 1333 604 1354 (ε
619 1330 663 1357 ut
675 1315 893 1368 jurisdiffio
917 1317 965 1357 de
980 1317 1074 1357 fidei
1099 1316 1311 1357 commissis
1335 1314 1349 1337 8
1371 1319 1582 1370 quotannis
1598 1346 1612 1367 ,
1649 1321 1689 1357 ὅ(
1712 1318 1754 1357 in

363 1395 385 1416 >³
397 1378 503 1419 Urbe
516 1382 671 1420 tantum
685 1379 861 1434 delegari
878 1378 1167 1433 magistratibus
1184 1378 1370 1428 solita‚in
1390 1394 1626 1435 perpetuum
1637 1393 1754 1434 atque

361 1443 516 1483 »etiam
550 1458 620 1499 per
644 1444 872 1498 provincias
900 1441 1158 1498 potestatibus
1185 1447 1201 1471 9
1223 1442 1528 1484 demandaretur
1557 1461 1600 1484 2).
1630 1444 1755 1487 Juxta

405 1557 413 1570 ¹
439 1552 562 1582 ACHAIA
587 1551 877 1588 MAcEDouinQo-iz]
911 1553 1038 1582 Sueton.
1082 1550 1209 1582 tituerat
1233 1575 1243 1588 ‚
1274 1551 1328 1590 qui
1354 1551 1387 1581 in
1405 1551 1460 1582 ora
1481 1550 1638 1582 maritima
1662 1560 1758 1590 prope

364 1591 399 1620 in
414 1591 524 1620 Claud.
548 1592 646 1621 XXV.
678 1590 761 1626 Dio,
785 1592 864 1627 LX,
888 1601 954 1630 pag.
969 1593 1038 1620 680.
1082 1591 1214 1626 Urbem,
1234 1591 1267 1621 &
1291 1591 1323 1620 in
1345 1590 1412 1621 aliis
1435 1591 1530 1621 Italiae
1558 1591 1636 1621 locis
1651 1591 1758 1628 praees-

363 1630 441 1660 Inde
452 1630 574 1669 aliquot
587 1629 649 1668 post
661 1630 749 1659 annis
762 1629 885 1664 Gallio,
902 1640 1040 1668 procori·
1082 1629 1156 1659 sent.
1168 1630 1231 1660 Dio
1242 1654 1251 1667 ,
1273 1631 1340 1667 LV,
1355 1641 1421 1670 pag.
1443 1640 1511 1670 551.
1533 1631 1581 1660 Eae
1596 1630 1663 1660 sunt
1676 1640 1756 1668 prae-

364 1669 409 1699 sul
431 1669 552 1698 Achaiae
577 1691 585 1702 ,
607 1677 798 1699 memoratur
825 1680 843 1699 a
869 1669 909 1698 D.
929 1669 1038 1706 Luca,
1081 1668 1221 1703 fetrum.
1247 1680 1320 1708 quas
1344 1678 1418 1700 tunc
1438 1669 1581 1700 abolevit
1597 1668 1757 1699 Claudius.

363 1710 429 1738 Ae‘t.
445 1709 549 1746 Apost.
563 1709 664 1738 XVIII
681 1732 689 1744 ‚
710 1719 756 1738 12.
1080 1708 1143 1738 Dio
1163 1732 1172 1744 ‚
1202 1710 1259 1738 LX
1273 1732 1281 1745 ‚
1312 1719 1380 1747 pag.
1400 1711 1470 1740 681.
1496 1709 1573 1738 Inde
1599 1707 1757 1746 intelligas

405 1751 415 1763 ²
447 1748 700 1778 TRANSTULERAT
722 1750 734 1785 ]
764 1746 929 1777 Tiberium
948 1770 957 1783 ‚
990 1746 1040 1776 in-
1080 1748 1265 1778 Suetonium
1290 1748 1323 1777 in
1350 1748 1460 1778 Claud.
1490 1749 1603 1779 XXIV.
1629 1747 1757 1776 Detrac-

363 1794 486 1817 tentum
506 1786 699 1817 Macedoniae
712 1811 720 1824 ,
745 1786 895 1816 Achaiam
912 1797 1039 1825 quoque
1082 1787 1160 1825 nique
1175 1786 1288 1826 Qsli'enfi
1302 1787 1331 1816 ἓν
1347 1787 1459 1816 Gallica
1467 1787 1612 1824 proi-incisi
1626 1809 1635 1822 ,
1664 1796 1757 1816 curam

365 1835 524 1857 curantem
542 1849 552 1863 ,
579 1825 715 1856 vidimus
743 1825 831 1864 supra
859 1825 972 1863 Annal.
994 1828 1039 1862 V,
1079 1826 1298 1855 aerariisumrni
1317 1827 1517 1866 quaestoribus
1529 1825 1657 1856 reddidit.

367 1875 415 1894 10.
1117 1871 1131 1891 7
1153 1867 1328 1900 Pizizmmr]
1353 1867 1416 1897 Dio
1429 1889 1438 1902 ‚
1459 1867 1517 1896 LX
1531 1890 1540 1903 ,
1565 1876 1633 1905 pag.
1645 1868 1718 1896 681.

403 1909 412 1929 Ξ
441 1905 566 1934 AERARH
600 1906 742 1935 §numu
768 1906 782 1942 ]
829 1905 960 1935 Sueton.
1006 1903 1039 1933 in
1119 1905 1130 1924 8
1161 1906 1208 1936 DE
1239 1907 1526 1944 rioricomiinssis]
1561 1907 1691 1936 Sueton.
1721 1904 1757 1935 in

364 1943 477 1973 Claud.
499 1945 611 1974 XXIV.
642 1945 705 1975 Dio
728 1968 737 1981 ‚
761 1944 818 1973 LX
838 1967 846 1979 ‚
884 1953 952 1982 pag.
968 1945 1038 1973 631.
1080 1944 1192 1974 Claud.
1215 1946 1330 1974 XXIII.

365 1982 518 2012 AErarium
553 1983 631 2013 illud
659 1983 719 2014 fuit
753 1982 785 2012 in
805 1983 870 2013 aede
889 1981 1012 2013 Saturni
1029 2006 1038 2017 ,
1118 1989 1131 2008 9
1154 1985 1386 2015 Porrsrririiws
1404 1985 1418 2020 ]
1440 1984 1628 2024 Magistratus
1648 1983 1681 2014 δί
1699 1993 1756 2021 po·

365 2021 463 2051 hodie
484 2021 579 2061 Chiefiz
592 2022 619 2051 di
631 2021 663 2052 S.
678 2022 820 2058 Adriano,
840 2022 894 2052 ubi
909 2030 1039 2052 manent
1079 2023 1165 2053 testas
1179 2023 1223 2053 ita
1238 2023 1465 2062 distinguuntur
1480 2047 1489 2059 ‚
1518 2033 1551 2053 ut
1574 2023 1605 2053 in
1627 2024 1708 2053 Urbe
1721 2021 1756 2052 fit

366 2061 465 2091 adhuc
478 2062 541 2099 ejus
555 2062 675 2092 rudera.
700 2065 830 2100 Quantae
847 2072 921 2101 opes
937 2061 970 2091 in
979 2061 1039 2091 hoc
1079 2062 1266 2102 magistratus
1281 2087 1290 2098 ‚
1306 2063 1339 2092 in
1352 2062 1523 2101 provinciis
1540 2062 1680 2101 potestas.
1690 2062 1755 2090 Ma—

367 2100 473 2130 aetario
497 2101 573 2130 olim
586 2100 723 2137 fuerint,
747 2100 813 2130 dixi
833 2100 866 2130 in
890 2101 984 2131 Notis
1007 2101 1040 2131 δί
1079 2103 1128 2139 jor
1150 2102 1335 2140 magistratus
1354 2126 1363 2139 ‚
1390 2102 1496 2132 minor
1521 2102 1661 2141 potestas.
1682 2101 1756 2131 Haec

365 2139 646 2170 Emendationibus
663 2142 700 2171 ad
710 2140 821 2171 Annal.
836 2141 907 2170 XIII
921 2164 930 2176 ,
952 2151 1001 2176 29.
1080 2152 1206 2181 quoque
1222 2141 1359 2172 distinxit
1374 2141 1533 2173 Juvenalis
1549 2164 1558 2178 ,
1585 2142 1630 2172 X,
1643 2151 1696 2177 99-

404 2182 419 2201 4
441 2180 467 2207 A
491 2179 529 2208 D.
550 2181 672 2217 Jurio]
703 2180 764 2211 Dio
830 2181 952 2217 XLIII,
971 2188 1041 2217 pag.

365 2228 383 2247 ²
410 2219 436 2247 8·
785 2203 795 2217 '
1112 2203 1199 2247 Hujus-h,
1210 2202 1247 2235 qui
1257 2203 1357 2227 trahitur
1363 2221 1376 2247 ’.
1387 2210 1525 2235 praerextam
1535 2202 1627 2233 fiamere
1645 2200 1718 2226 mavis
1727 2209 1738 2226 :

406 2261 414 2283 5
440 2257 581 2293 EDIXIT]
601 2257 662 2287 Dio
672 2281 680 2292 ’
694 2259 751 2288 LX
761 2282 769 2293 ’
785 2268 851 2297 pag.
867 2260 941 2289 681·
1113 2241 1153 2266 An
1164 2242 1303 2266 Fidenarum
1314 2241 1483 2274 Gabiorumque
1500 2242 1539 2273 effe
1547 2240 1669 2274 potestas?

406 2297 419 2314 ⁶
441 2297 579 2326 Oiiuium
618 2308 717 2327 nxrim
755 2299 868 2327 URBEM
900 2308 1039 2327 pamac—
1080 2297 1158 2327 Vide
1168 2298 1206 2326 ad
1221 2297 1304 2328 hunc
1318 2297 1424 2328 locum
1437 2305 1578 2328 veterem
1590 2293 1754 2326 Juvenalis

365 2337 545 2373 romaum]
562 2336 600 2365 D.
614 2336 760 2375 Augustus
777 2337 939 2376 quaestores
952 2335 1040 2368 cons·
1078 2336 1280 2368 Scholiasten.

1507 2394 1753 2450 majestatem

1814 440 1844 480 ς,

1793 757 1840 784 10

1792 1077 1838 1116 ¹5

1783 1391 1838 1418 20
