1952 2708
286 216 360 221 l

245 258 276 281 A.
288 259 315 281 U.
328 259 357 282 C.

266 313 338 342 795·

268 358 292 381 J.
303 359 332 381 C.

276 402 327 430 42.

381 125 465 172 378
658 118 1469 163 SUPPLEMENTUM

439 199 674 241 XXXIII.
708 201 817 242 TOT
839 200 1008 242 caedibus
1033 201 1222 242 obduruit
1243 202 1388 259 1:saepe
1415 202 1528 243 ausus
1553 202 1763 258 imperare,

376 262 616 317 gladiatores
645 267 659 284 ²
688 293 700 314 ‚
732 280 778 305 ac
807 265 978 305 maxime
1006 266 1184 306 retiarios
1213 270 1224 294 ³
1257 264 1453 320 jugulari,
1489 279 1533 306 ut
1560 267 1763 321 exspiran-

380 327 479 365 tium
512 327 634 368 facies
660 327 826 368 videret.
863 328 969 368 Mox
993 344 1013 368 a
1040 328 1270 369 facinorofis
1310 328 1594 382 vilioribusque
1621 331 1764 384 capiti-

379 389 449 429 bus
477 390 526 430 ad
551 389 717 431 mellora
742 390 1018 444 nobilioraque
1043 392 1237 446 impetum
1263 393 1370 446 cepit
1386 422 1398 442 ,
1425 390 1635 432 Messalina
1656 396 1695 432 ὅς
1717 391 1765 431 li-

379 451 499 493 bertis
524 453 769 494 crudelitatis
794 453 1113 499 iristiii&oribus;
1145 469 1216 504 ac,
1244 454 1270 492 fi
1293 455 1387 507 quid
1412 455 1625 504 imitaret,
1654 468 1763 495 metu

377 517 622 557 imminentis
645 516 815 572 periculi
839 523 855 545 4
879 517 928 557 ad
953 517 1159 556 audaciam
1182 515 1495 572 impellentibuS.
1516 516 1562 557 C.
1587 518 1764 573 Appium

378 578 559 620 Silanum
589 584 631 629 5,
660 581 860 635 Hispaniae
888 580 1107 630 merorem,
1136 580 1183 620 iis
1211 579 1357 620 artibus
1386 581 1699 621 circumvenere.
1727 582 1765 621 A

378 642 564 698 Principe
595 645 775 692 accitus,
814 644 855 682 in
887 641 1036 682 Urbem
1066 642 1260 689 redierat3
1289 641 1532 698 acceptaque
1559 644 1602 683 in
1627 645 1765 684 matri-

378 708 561 746 monium
591 719 714 746 matre
749 704 968 745 Meffalinae
996 735 1008 755 ‚
1041 705 1193 746 summa
1230 719 1312 746 erat
1345 706 1556 762 adepturus
1578 735 1591 756 ,
1628 706 1654 745 si
1693 707 1763 762 ipsi

320 812 321 816 Ἰ
375 770 506 809 minus
525 770 680 809 virtutis
698 798 710 818 ‚
727 767 945 808 Messalina:
961 770 1090 809 minus
1117 768 1294 809 libidinis
1321 768 1464 810 fuiffet.
1490 769 1545 810 At
1571 784 1658 810 eam
1675 799 1687 819 ,
1714 784 1763 810 ne

374 833 544 872 materni
578 831 737 885 quidem
779 830 943 872 thalami
974 845 1250 882 reverentem,
1282 832 1508 882 aversatus,
1541 832 1763 888 despefi‘cam

381 894 610 949 cupidinem
644 895 685 935 in
720 894 856 934 odium
898 897 1010 936 tanto
1047 894 1367 951 implacabilius,
1398 898 1548 949 quanto
1577 897 1728 951 turpius
1749 924 1762 946 ,

374 959 507 997 vertit.
533 957 636 997 Cum
672 970 806 998 tamen
841 957 941 997 nihil
974 958 1068 998 effet
1105 960 1311 1008 criminis,
1344 958 1451 1012 quod
1483 957 1725 1010 objiceretur
1749 987 1762 1009 ,

374 1021 559 1060 adversus
590 1035 680 1060 eum
709 1036 778 1077 per
803 1036 1033 1062 commenta
1055 1022 1212 1076 grassari
1240 1021 1526 1062 consenserunt
1551 1020 1763 1062 Messalina

374 1086 415 1122 ὃ(
441 1084 670 1130 Narciffus3
699 1084 921 1138 divisasque
946 1085 1050 1125 inter
1074 1085 1113 1125 se
1142 1098 1269 1140 partes
1298 1086 1351 1125 ita
1376 1085 1467 1125 sunt
1492 1085 1682 1125 exsecuti.

437 1146 666 1188 XXXIV.
701 1149 984 1187 NARCISSUS
1000 1177 1012 1198 ,
1028 1147 1162 1188 similis
1179 1149 1378 1199 attonito,
1407 1146 1568 1188 Claudii
1596 1147 1762 1188 cubicu-

374 1208 459 1248 lum
497 1224 588 1250 ante
628 1208 762 1251 lucem
817 1211 966 1266 inrupit
994 1210 1039 1261 ⁶,
1071 1211 1279 1252 adfirmans
1309 1228 1331 1248 (ε
1363 1211 1570 1251 somniasse
1596 1211 1636 1251 se
1678 1212 1760 1252 vim

372 1273 581 1328 »Principi
612 1272 657 1313 ab
686 1274 823 1329 Appio
850 1273 1015 1314 inlatam
1044 1291 1085 1314 ».
1113 1273 1349 1324 Messalina,
1378 1276 1418 1314 in
1457 1274 1761 1314 admirationem

372 1335 569 1385 formata,
602 1353 624 1371 «
656 1336 723 1376 fibi
753 1351 911 1390 quoque
936 1337 1117 1378 eamdem
1148 1338 1324 1392 speciem
1348 1336 1502 1391 aliquot
1526 1335 1606 1389 jam
1634 1338 1760 1377 nosti-

373 1397 478 1439 »bus
501 1398 702 1440 obversari
724 1417 745 1436 2>
770 1398 919 1440 retulit.
942 1401 1034 1441 Nec
1060 1399 1190 1441 multo
1215 1401 1300 1456 post
1324 1415 1374 1440 ex
1401 1400 1623 1456 composito
1652 1417 1672 1436 «
1700 1401 1760 1440 in-

1086 1499 1165 1535 quim
1193 1497 1304 1526 timidus
1333 1507 1366 1526 ac
1390 1496 1515 1536 diffidens
1534 1497 1602 1534 fuit.
1632 1499 1759 1531 Sueton.

414 1499 619 1527 1Ossr>URU1T
637 1498 650 1534 ]
1086 1537 1122 1566 jn
1139 1537 1249 1568 Claud
1283 1538 1411 1567 XXXV.
1432 1538 1507 1568 Inde
1527 1537 1603 1566 nulla
1620 1537 1685 1566 aded
1696 1539 1761 1578 ss-

679 1497 750 1527 Haec
773 1503 878 1527 tamen
907 1506 971 1529 tam
995 1509 1048 1537 pu-

373 1536 495 1571 denda,
516 1544 579 1565 tam
596 1535 750 1566 horrenda
775 1538 847 1566 cum
861 1546 1046 1576 agerentur,

372 1577 488 1605 Seneca
505 1575 605 1611 exsul,
617 1575 747 1605 Consol.
761 1576 799 1605 ad
811 1577 887 1615 Poly
879 1561 922 1607 δὴ)
945 1578 1046 1608 XXVI

373 1615 407 1644 ὅ(
436 1615 565 1644 XXXVI
584 1615 758 1652 appellabat
780 1587 948 1646 Claudium
964 1616 1047 1646 Prin

372 1663 476 1691 elpem
508 1653 654 1682 maximum
678 1677 687 1690 ,
713 1653 871 1692 mitiffimum
890 1679 898 1690 ‚
931 1656 1047 1684 omnium

371 1691 532 1729 Principum
554 1692 721 1731 mitifflmum.
759 1695 854 1730 Quod
878 1694 1047 1725 calamitosi

372 1732 491 1770 ingenii
508 1733 695 1770 propudium
714 1732 720 1762 ἱ

412 1773 905 1809 ²IMPERARE,GLAD1ATORES]
931 1775 1046 1803 Sueto-

372 1810 440 1841 nius
463 1811 495 1840 in
509 1811 619 1840 Claud.
641 1812 783 1841 XXXIV.
811 1811 879 1841 Alia
900 1813 997 1843 multa
1015 1812 1046 1842 id

372 1861 468 1894 genus
483 1851 595 1888 probra
609 1849 728 1879 ibidem
740 1859 858 1886 narrat,
874 1861 938 1889 quae
961 1851 1045 1881 indi-

374 1898 565 1933 gnationem
576 1900 651 1919 mov
656 1898 737 1920 eant.
757 1889 845 1919 Nihil
860 1900 943 1919 enim
958 1890 1046 1921 Prin-

373 1929 474 1967 cipem
488 1928 581 1967 magis
599 1929 749 1964 dedecet,
763 1939 855 1972 quarn
872 1930 1046 1960 crudelitas.

414 1974 423 1994 3
450 1969 644 2004 Rfrmmos]
674 1967 825 2004 Retiarii‚
850 1969 960 1999 armati
983 1978 1047 2000 rete

373 2007 407 2038 &
426 2007 558 2037 tridente
581 2017 652 2037 cum
673 2006 883 2044 secutoribus,
907 2008 1047 2047 seumyr-

373 2046 579 2081 millonibus,
603 2047 791 2085 pugnabant
819 2048 854 2076 ln
877 2057 915 2077 eo
951 2048 1046 2086 pofita

374 2085 571 2116 retiariorum
585 2095 630 2115 ars
650 2109 658 2121 ‚
682 2094 715 2115 ut
735 2086 973 2124 myrmillonum
998 2098 1046 2117 ca-

374 2124 437 2163 pita
450 2133 513 2155 rete
526 2126 578 2154 suo
600 2124 805 2163 implicarent.
826 2126 891 2155 Post
905 2136 957 2156 eos
967 2127 1046 2164 pros-

374 2165 566 2199 ternebant,
595 2164 627 2194 &
655 2164 790 2194 tridente
816 2164 1045 2202 perfodiebant.

373 2202 500 2234 Retiarii
520 2203 685 2243 imaginem
704 2203 777 2233 vide
798 2205 879 2241 apud
892 2205 939 2234 CI.
954 2205 1043 2242 Gori,

374 2242 501 2280 Inscripr.
517 2240 611 2279 Antiq.
629 2242 722 2272 Tom.
736 2244 789 2272 ΙΙΙ.
800 2253 866 2282 pag.
878 2254 929 2280 99.

413 2282 635 2311 41Mumtnr1s
668 2285 838 2319 Panicum]
875 2284 922 2312 Ad
943 2291 1045 2313 cetera

374 2319 498 2350 Claudii
529 2320 606 2349 vitia
628 2320 746 2350 acceffit
773 2321 851 2351 illud
881 2322 913 2350 in
931 2322 1044 2352 Princi-

374 2359 462 2398 pibus
491 2359 661 2391 maximum
695 2382 704 2398 ,
740 2360 824 2398 quod
868 2360 937 2390 nihil
971 2364 1045 2400 aeque'

1085 1577 1156 1613 picio
1178 1600 1187 1613 ‚
1213 1575 1305 1605 nullus·
1325 1577 1416 1604 autflor
1440 1586 1495 1605 τυη
1517 1575 1585 1605 levis
1601 1576 1720 1616 exstitit,
1741 1588 1759 1608 a

1086 1626 1134 1654 quo
1161 1626 1215 1644 non
1236 1615 1501 1654 mediocrifirupulo
1522 1615 1616 1654 injeflo
1648 1615 1684 1644 ad
1706 1627 1759 1646 ca—

1087 1654 1201 1684 vendam
1214 1655 1441 1692 ulciscendumque
1462 1654 1669 1691 compelleretur
1684 1657 1759 1687 Sue-

1087 1703 1155 1725 ton.
1177 1695 1209 1724 in
1226 1695 1335 1724 Claud.
1365 1695 1588 1725 XXXV11.1ta
1605 1695 1757 1727 animatus

1087 1733 1230 1772 Princeps
1255 1742 1338 1762 totum
1362 1744 1396 1762 ex
1418 1734 1520 1773 magnai
1542 1742 1623 1770 parte
1650 1734 1758 1770 princi-

1084 1782 1178 1809 patum
1197 1796 1206 1810 ‚
1238 1783 1291 1801 non
1308 1773 1438 1811 ramstzo,
1458 1775 1536 1811 quim
1552 1783 1664 1802 uxorum
1681 1773 1760 1803 liher-

1087 1821 1222 1851 torumque
1243 1812 1356 1841 arbitrio
1378 1811 1605 1850 administravit:
1627 1812 1693 1841 talis
1705 1815 1759 1844 uri-

1087 1862 1134 1890 que
1149 1851 1252 1888 plerum
1254 1862 1321 1890 que,
1334 1851 1439 1888 qualem
1457 1852 1505 1891 effe
1528 1861 1585 1880 eum
1606 1861 1654 1880 aur
1674 1863 1758 1890 expe-

1087 1890 1157 1919 diret
1172 1890 1248 1925 illis,
1261 1900 1308 1918 aut
1327 1890 1440 1927 liberet,
1456 1893 1584 1921 Sueton.
1600 1890 1632 1920 in
1647 1892 1757 1923 Claud.

1085 1932 1182 1960 XXV.
1204 1914 1349 1967 Infelix,
1376 1930 1430 1969 qui
1452 1930 1568 1968 semper
1591 1930 1644 1960 vel
1665 1932 1757 1962 novis

1085 1968 1363 2003 terriculamentis
1390 1980 1410 1998 v
1414 1970 1442 1999 el
1459 1977 1649 2014 patratorum
1664 1970 1757 2000 scele-

1084 2019 1152 2039 rum
1169 2008 1362 2039 conicientia
1378 2009 1596 2048 exagitaretur.
1609 2008 1684 2045 Dio,
1689 2011 1756 2040 LX.

1085 2059 1151 2114 pai}
1160 2051 1344 2117 (6374A12121um
1372 2088 1512 2116 SlLANUM
1536 2088 1551 2124 ]
1590 2087 1756 2118 Historiam

1085 2126 1188 2165 paucis
1228 2134 1329 2156 narrat
1371 2126 1537 2155 Suetonius
1577 2127 1610 2156 in
1645 2127 1755 2157 Claud.

1085 2166 1243 2196 XXXVII.
1262 2164 1399 2204 pluribus
1414 2164 1494 2199 Dio,
1519 2166 1586 2195 LX.
1607 2176 1672 2205 pag.
1682 2169 1755 2204 674.

1084 2205 1204 2236 Silanus
1226 2205 1375 2235 consocer
1402 2203 1524 2233 Claudii
1548 2205 1660 2234 dicitur
1677 2206 1757 2235 Sue-

1085 2244 1175 2275 tonio
1208 2244 1240 2273 in
1270 2243 1380 2273 Claud.
1401 2243 1530 2277 XXIX,
1552 2244 1635 2282 quod
1655 2243 1755 2274 filiurn

1085 2284 1170 2313 suum
1186 2282 1322 2312 O&aviae
1334 2266 1544 2319 desponsasset.

1125 2324 1137 2341 ⁶
1160 2322 1309 2357 Inuum]
1335 2321 1405 2350 Haec
1423 2320 1555 2350 totidem
1574 2320 1754 2357 fermevest

1084 2360 1130 2393 bis
1142 2360 1308 2392 Suetonius
1322 2359 1357 2390 in
1369 2359 1477 2391 Claud.
1494 2360 1654 2391 XXXVII.

1372 2502 1381 2517 Ι

1797 793 1844 820 10

1797 1110 1842 1148 15

1788 1416 1846 1442 20
