1952 2708
390 155 472 193 144
648 132 698 177 C.
748 133 1153 177 CORNELII
1214 129 1541 176 TACITI'¹

376 222 476 275 legit
491 247 503 268 ,
532 216 602 258 nisi
624 219 692 272 qui
717 221 757 258 ὃ(
779 219 954 258 carmina
981 216 1212 257 eorumdem
1241 218 1423 262 miratur:
1453 215 1635 257 fecerunt
1655 212 1763 256 enini

373 289 415 324 ὃ(
431 282 635 332 carmina,
653 285 694 322 ὃς
719 282 761 321 in
787 280 1053 321 bibliothecas
1070 286 1079 302 ¹
1100 279 1322 320 retulerunt
1337 310 1351 330 ,
1376 295 1458 320 non
1482 278 1622 320 melius
1643 278 1763 332 quam

375 347 553 395 Cicero,
580 357 619 385 at
647 344 803 384 felicius
820 373 833 393 ‚
862 345 954 397 quia
986 342 1078 383 illos
1106 343 1239 383 feciffe
1265 344 1473 397 pauciores
1508 342 1650 382 sciunt.
1673 342 1761 381 Afi-

374 411 462 449 nius
488 422 647 462 quoque
668 437 681 457 ‚
715 421 950 460 quamquam
978 405 1230 460 propioribus
1267 404 1511 460 temporibus
1543 417 1656 445 natus
1687 405 1760 455 sit,

373 473 531 514 videtur
548 472 648 509 mihi
665 471 767 510 inter
783 470 1000 510 Menenios
1021 472 1062 508 δε
1081 468 1236 523 Appios
1257 471 1271 487 ²
1292 467 1473 508 studuisse
1492 471 1521 507 ³.
1540 468 1762 508 Pacuvium

374 534 510 584 certe,
543 537 583 574 &
612 533 814 582 Accium,
843 546 927 571 non
956 530 1083 578 solum
1112 530 1344 585 tragoediis,
1370 530 1438 570 sed
1466 531 1586 570 etiam
1612 532 1763 571 oratio-

375 597 491 638 nibus
515 595 592 637 suis
618 596 822 652 expreffit:
853 594 953 634 adeo
979 594 1097 634 durus
1121 597 1161 634 ὅ(
1188 594 1313 635 slccus
1339 594 1405 633 est.
1427 594 1572 634 Oratio
1596 606 1730 634 autem
1746 622 1762 644 ,

374 662 473 702 ficut
504 675 647 715 corpus
678 659 880 707 hominis,
921 673 966 698 ea
996 657 1156 698 demum
1192 656 1359 713 pulchra
1389 657 1466 707 est,
1496 657 1537 695 in
1568 654 1645 710 qua
1678 671 1762 697 non

373 725 552 765 eminent
569 737 678 763 venae
691 751 703 772 ,
725 737 800 762 nec
822 721 901 761 ossa
920 734 1202 771 numerantur,
1225 721 1293 761 sed
1309 732 1550 776 temperatus
1567 735 1613 760 ac
1632 718 1762 760 bonus

373 788 531 842 sanguis
556 784 697 841 implet
723 784 926 835 membra,
956 788 996 824 &
1020 784 1195 839 exsurgit
1218 785 1315 824 toris
1336 789 1380 833 4,
1406 783 1590 839 ipsosque
1614 797 1758 823 nervos

372 850 493 891 rubor
519 851 619 903 tegit
646 852 686 889 ὃς
713 848 836 889 decor
859 848 1128 889 commendat.
1153 846 1268 888 Nolo
1294 847 1517 887 Corvinum
1541 850 1553 877 5
1578 846 1762 899 insequi,

375 915 466 968 quia
498 928 579 953 non
615 927 684 967 per
718 912 848 967 ipsum
884 912 1016 961 stetit,
1047 913 1260 964 quominus
1301 910 1478 950 laetitiam
1508 909 1762 962 nitoremque

373 978 595 1018 nostrorum
620 988 847 1031 temporum
872 976 1132 1030 exprimeret:
1160 974 1376 1015 viderimus
1390 1003 1403 1024 ‚
1430 973 1591 1026 inquam
1619 970 1636 992 ⁶
1659 969 1763 1022 judi-

375 1041 442 1081 cio
467 1038 550 1091 ejus
574 1040 633 1079 vis
660 1052 726 1079 aut
754 1039 901 1087 animi,
933 1051 999 1078 aut
1020 1039 1171 1091 ingenii
1201 1038 1414 1077 suffecerit.

437 1102 593 1141 XXII.
619 1101 692 1140 AD
715 1101 956 1140 Ciceronem
975 1102 1118 1149 venio,
1138 1101 1202 1140 cui
1220 1100 1358 1140 eadem
1376 1113 1510 1155 pugna
1529 1113 1622 1139 cum
1640 1112 1760 1152 aequa-

373 1164 477 1206 libus
500 1164 576 1204 suis
597 1164 695 1213 fuit,
720 1179 801 1217 quae
826 1164 924 1203 mihi
946 1162 1155 1204 vobiscum
1180 1164 1245 1203 est.
1268 1161 1335 1201 Illi
1355 1163 1461 1202 enim
1481 1163 1664 1214 antiquos
1686 1162 1761 1200 mi-

373 1227 586 1277 rabantur,
615 1227 698 1282 ipse
728 1226 889 1267 suorum
915 1239 1141 1282 temporum
1171 1223 1442 1280 eloquentiam
1466 1223 1761 1280 anteponebat:

373 1306 450 1332 nec
469 1289 550 1330 ulla
573 1305 614 1330 re
634 1291 758 1344 magis
780 1288 954 1341 ejusdem
976 1290 1097 1330 aetatis
1119 1303 1294 1330 oratores
1314 1290 1535 1344 praecurrit,
1559 1287 1676 1341 quiam
1696 1285 1760 1338 ju-

373 1355 495 1395 dicio.
519 1355 671 1393 Primus
696 1354 802 1393 enim
827 1351 1006 1394 excoluit
1031 1353 1253 1393 orationem
1269 1382 1281 1403 ,
1308 1354 1456 1408 primus
1479 1355 1519 1391 &
1540 1350 1670 1391 verbis
1692 1350 1760 1390 de-

372 1416 521 1457 lectum
544 1414 724 1456 adhibuit
738 1445 750 1466 ‚
767 1420 808 1456 ὅ(
827 1417 1111 1471 compofitioni
1130 1429 1253 1456 artem
1280 1433 1287 1455 :
1309 1414 1424 1455 locos
1452 1428 1610 1468 quoque
1632 1412 1758 1453 laetio-

374 1495 434 1521 res
458 1479 668 1520 attentavit
682 1507 696 1529 ,
725 1482 765 1519 ὃ(
786 1479 972 1533 quasdam
991 1480 1204 1520 sententias
1232 1483 1245 1506 ⁷
1271 1479 1453 1524 invenit3
1480 1478 1617 1532 utique
1638 1477 1680 1516 in
1699 1477 1760 1516 his

374 1635 472 1665 ticum
492 1656 500 1669 ‚
524 1635 614 1671 XIV,
644 1644 655 1663 1
668 1657 677 1671 ‚
699 1635 793 1666 tradit
815 1635 930 1673 Julium
948 1636 1047 1668 Caesa-
1062 1640 1070 1668 1
1083 1637 1137 1675 Ep.
1160 1637 1177 1666 8
1197 1659 1206 1673 ,
1227 1635 1266 1666 de
1292 1633 1438 1666 oratione
1459 1633 1493 1665 ὃς
1511 1631 1636 1664 Ιπὶίὶοτὶᾶ
1660 1643 1667 1662 :
1688 1631 1760 1661 hane

371 1684 438 1704 rem
451 1673 668 1712 animadverriſje
682 1695 690 1709 ,
717 1677 775 1703 ciem
791 1677 900 1706 Brutus
917 1686 965 1712 pro
983 1676 1050 1706 De-
1064 1669 1180 1715 lsaepiits
1210 1676 1261 1714 offa
1279 1698 1287 1711 ,
1321 1674 1452 1712 musculi,
1477 1673 1554 1702 nervi
1570 1682 1584 1708 ,·
1609 1671 1688 1702 illam
1706 1671 1766 1700 toriv

775 1714 854 1743 valde
877 1716 1048 1745 veliementer
1084 1715 1191 1755 quidam
1210 1714 1240 1743 Cr*
1256 1713 1412 1753 qitafijubae
1431 1712 1535 1741 decent.

1125 1760 1133 1781 5
1159 1756 1339 1785 Convmum
1363 1754 1377 1790 ]
1406 1753 1448 1782 M.
1470 1749 1646 1782 Corvinum
1675 1749 1759 1778 Mes-

1084 1794 1198 1831 salam3
1227 1794 1265 1823 de
1284 1802 1347 1831 quo
1372 1791 1587 1829 Quintilianus
1603 1812 1612 1825 ,
1639 1788 1760 1827 Institut.

1087 1833 1167 1862 Orat.
1189 1834 1238 1869 X,
1267 1841 1290 1860 1.
1317 1831 1356 1860 sir
1374 1830 1489 1870 Meffala
1512 1827 1617 1858 nitidus
1636 1827 1666 1856 G
1685 1837 1759 1856 can-

1084 1872 1183 1908 didus,
1205 1869 1432 1909 &quodammodo
1441 1867 1642 1908 praeseferens
1666 1866 1694 1895 in
1712 1865 1760 1895 di-

1085 1911 1167 1940 cendo
1194 1910 1361 1940 nobilitatem
1383 1909 1465 1948 fitam
1489 1932 1498 1943 ,
1531 1906 1636 1937 viribus
1660 1906 1761 1937 minor.

367 1714 459 1751 joraro
485 1713 593 1742 Nicaeae
614 1712 715 1742 dixerit
736 1738 745 1751 ,

372 1763 431 1781 enm
449 1752 531 1790 vistim
556 1752 586 1782 ὓ
603 1752 685 1781 libere
699 1752 798 1782 dicere.
827 1755 885 1784 Sed
904 1758 975 1784 cum
989 1755 1047 1786 ha-

372 1793 496 1822 beretur
504 1791 555 1821 hic
572 1791 715 1831 dialogus
726 1817 734 1829 ,
748 1793 815 1823 aliae
828 1802 914 1823 erant
928 1795 1047 1824 Roma-

370 1841 485 1861 norum
522 1841 607 1861 aures
628 1855 636 1867 ‚
665 1833 700 1862 &
729 1832 953 1870 ingeniofiores
978 1857 987 1871 ,
1013 1844 1048 1864 ac

372 1871 505 1909 proinde
523 1870 724 1901 difficiliores.

412 1916 419 1929 ¹
444 1911 695 1948 BmuorusscAs]
716 1911 932 1943 Memorantur
946 1910 1047 1942 adhuc

375 1949 454 1979 infra
473 1959 538 1987 cap.
560 1960 609 1987 37.

413 1992 423 2004 ²
448 1989 611 2019 ΜΕΝεΝιος
633 1999 671 2018 ετ
689 1990 830 2027 Aenos]
864 1990 1047 2020 Menenium

372 2027 540 2065 Agrippam
553 2029 585 2058 ὃς
602 2028 736 2066 Appium
756 2031 901 2067 Caecum3
921 2030 958 2059 de
975 2029 1047 2070 qui—

373 2067 429 2096 bus
455 2067 568 2096 dicium
591 2066 676 2106 supra
695 2078 761 2107 cap.
780 2079 816 2106 17
833 2069 866 2099 ὃς
885 2072 930 2098 IS.

410 2111 419 2130 3
443 2107 612 2135 STUDUISSE
634 2108 647 2142 ]
673 2108 721 2137 Sic
743 2108 777 2138 &
796 2107 1010 2145 Quintilianus
1033 2131 1041 2144 ‚

371 2143 493 2182 Institut.
524 2145 606 2175 Orat.
633 2147 687 2182 X,
720 2157 745 2176 1.
776 2146 871 2175 Multa
900 2147 929 2176 in
949 2146 1042 2184 Afinio

371 2182 496 2212 Pollione
513 2183 633 2213 inventio
649 2186 773 2223 ,stemma
791 2185 934 2224 diligentia
952 2198 961 2214 .·
977 2184 1043 2214 adeo

372 2231 404 2251 ut
428 2222 581 2259 quibusdam
602 2224 685 2252 eriam
714 2224 800 2254 nimia
829 2224 956 2254 videatur
979 2236 987 2254 :
1013 2224 1042 2254 &⁴

372 2261 475 2300 confilii
492 2261 521 2290 ἰν
540 2263 625 2291 animi
639 2263 713 2300 finis
734 2276 743 2292 :
763 2274 779 2292 ιι
792 2264 879 2293 nitore
899 2263 1043 2302 &jucun-

346 2317 347 2320 =
372 2300 460 2329 ditare
472 2299 614 2330 Ciceronis
639 2302 679 2330 ira
697 2302 776 2343 longe
793 2303 886 2343 abest,
908 2312 937 2332 ur
956 2302 1043 2332 videri

370 2339 446 2379 pcffit
457 2340 556 2377 saeculo
579 2341 663 2377 prior.

411 2384 426 2403 ³⁴
446 2380 608 2412 Exsunmr
633 2391 724 2412 ‘roms
745 2383 760 2419 ]
787 2381 836 2413 Sic
851 2382 985 2420 Plinius,
1005 2384 1042 2414 V.

1084 1951 1164 1982 Vide
1187 1951 1221 1981 ὃ(
1238 1949 1391 1986 Plinium,
1415 1951 1460 1985 V,
1483 1949 1537 1987 Ep.
1557 1957 1584 1984 3.
1625 1985 1632 1991 ι

1124 1992 1137 2010 ⁶
1159 1993 1358 2024 Vmemmus,
1381 1989 1529 2025 mquam]
1547 1988 1605 2017 Pro
1622 1995 1731 2023 mquam
1747 1994 1760 2022 ,·

1084 2030 1137 2060 vel
1150 2029 1379 2060 emendandum
1392 2028 1419 2056 in
1432 2035 1559 2066 quantum
1572 2036 1580 2055 t
1592 2035 1630 2056 eo
1649 2024 1735 2068 sensu
1746 2046 1758 2061 ,

1084 2069 1160 2099 licet
1171 2068 1347 2099 Corvinum
1363 2077 1430 2098 non
1449 2066 1611 2105 insequar,
1635 2063 1757 2108 yideri-

1085 2119 1151 2138 mus
1175 2116 1279 2138 tamen
1305 2107 1339 2137 in
1371 2114 1523 2146 quantum
1546 2103 1664 2142 judicio
1691 2113 1756 2146 ejus

1084 2148 1130 2177 vis
1152 2156 1204 2178 aut
1218 2147 1335 2183 animi,
1349 2155 1402 2176 aut
1421 2143 1559 2184 ingenii,
1575 2142 1727 2187 fiuffeqerir
1745 2152 1756 2171 :

1083 2187 1134 2217 vel
1153 2187 1234 2217 forte
1249 2186 1416 2225 legendum
1427 2207 1437 2221 ‚
1465 2184 1571 2211 utinam
1581 2181 1683 2218 Jud1czo
1697 2189 1756 2225 ejus

1082 2227 1126 2255 vis
1137 2235 1186 2255 aar
1201 2225 1286 2254 animi
1299 2248 1308 2261 ‚
1331 2232 1380 2252 aut
1397 2222 1502 2262 ingenii
1515 2221 1661 2260 fitffi'cerer.
1674 2220 1756 2252 v1de

1083 2268 1183 2296 Notas
1196 2266 1230 2295 δε
1241 2262 1483 2293 Emendationes
1498 2261 1537 2291 ad
1549 2270 1613 2298 cap.
1627 2270 1676 2289 21.

1122 2310 1134 2329 ⁷
1156 2306 1346 2333 Seu-remim
1370 2305 1383 2340 ]
1413 2300 1643 2332 Sententiarum
1685 2297 1759 2342 sen-5

1082 2343 1168 2372 suum
1194 2353 1231 2372 ue
1262 2341 1426 2372 discrimen
1459 2341 1553 2371 docet
1581 2338 1757 2376 Quintilia-

1081 2392 1139 2414 nus
1151 2354 1298 2422 ,Ἱη-[Ξὶτιιῑ.
1321 2381 1402 2412 Orat.
1425 2381 1498 2412 VIII
1516 2403 1524 2417 ‚
1544 2388 1571 2418 5.
1588 2376 1756 2416 Consuetudo

1482 2438 1731 2483 orationibus
1742 2466 1757 2490 ,

1797 797 1849 825 10

1796 1112 1844 1152 ¹5

1790 1427 1850 1459 20
