1952 2708
330 191 386 236 78
612 174 661 216 C.
730 171 1110 218 CORNELII
1174 169 1447 215 TACITr

318 278 401 306 tem
417 256 618 315 Hispania:
639 261 649 279 ¹
671 254 924 297 obtenditur:
944 252 1075 295 Gallis
1101 254 1142 295 in
1160 254 1379 295 Meridiem
1404 255 1524 297 etiam
1543 252 1711 312 inspici-

322 342 386 368 tur
414 342 421 364 :
450 318 804 378 Septemtrionalia
832 316 916 370 ejus
941 347 954 368 ,
980 316 1101 358 nullis
1128 316 1269 358 contra
1291 319 1403 358 terris
1418 347 1432 368 ‚
1459 320 1568 360 vasto
1597 332 1717 374 atque

320 401 459 446 aperto
475 387 572 427 mari
587 383 806 441 pulsantur.
828 384 1017 424 Formam
1039 381 1162 422 totius
1180 380 1395 421 Britanniae
1414 381 1555 422 Livius
1573 386 1587 402 ²
1605 397 1716 424 vete-

323 468 411 494 rum
430 482 442 502 ‚
462 450 608 493 Fabius
632 450 819 490 Rusticus
850 446 1102 485 ³recentium
1127 474 1140 494 ,
1169 443 1479 498 eloquentissimi
1510 446 1688 486 auciores
1701 474 1717 496 ,

320 516 507 570 oblongae
526 511 687 554 scutuloe
703 510 769 553 vel
785 506 1272 566 bipenni4ads1mulavere
1283 526 1290 549 :
1302 513 1341 549 &
1352 509 1405 548 est
1421 523 1467 549 ea
1482 508 1604 549 facies
1617 510 1718 550 citra

320 579 589 621 Caledoniam
604 607 616 627 ‚
646 576 751 616 unde
777 579 817 615 &c
846 575 886 613 in
913 572 1142 613 universum
1171 571 1276 614 fama
1293 573 1346 613 est
1365 572 1598 628 transgressa
1621 588 1629 612 ε
1650 572 1719 614 sed

319 642 559 684 immensum
575 645 615 681 &
633 653 797 680 enorme
827 637 998 693 spatium
1014 638 1339 693 procurrentium
1365 651 1549 678 extremo
1566 634 1647 688 jam
1664 634 1717 676 li-

317 721 406 749 tore
431 719 623 747 terrarum
639 733 651 753 ,
668 701 781 743 velut
806 703 847 742 in
874 715 1049 741 cuneum
1066 714 1253 742 tenuatur
1266 706 1294 741 5.
1310 702 1430 742 Hanc
1449 716 1559 742 oram
1587 699 1718 741 novis-

317 771 402 811 fimi
420 770 536 809 maris
553 781 650 807 tunc
673 768 846 822 primum
863 765 1052 806 Romana
1073 763 1198 806 claffis
1222 766 1491 805 circumveeta
1509 795 1519 814 ‚
1544 758 1717 804 insulam

316 834 393 874 effe
411 832 658 872 Britanniam
677 829 900 870 adfirmavit
917 828 934 850 ⁶
950 859 962 880 ,
979 845 1026 870 ac
1054 827 1167 868 simul
1189 829 1419 883 incognitas
1437 828 1486 869 ad
1498 829 1539 869 id
1556 842 1714 883 tempus

322 896 487 944 insulas,
511 909 605 949 quas
624 893 804 934 Orcadas
824 898 837 920 ⁷
857 906 1008 934 vocant
1024 924 1037 943 ‚
1060 893 1240 943 invenit,
1267 893 1524 946 domuitque:
1543 892 1717 947 dispeEta

317 962 370 1002 est
389 965 428 1001 ὅς
443 957 577 999 Thule
594 955 633 1009 8,
656 973 775 1012 quam
793 958 981 998 hafflenus
1001 958 1092 1007 nix,
1113 960 1152 997 &
1170 957 1297 996 hiems
1314 955 1505 998 abdebat:
1523 956 1590 996 sed
1610 969 1719 996 mare

314 1026 474 1081 PEgrum
495 1027 510 1050 9
537 1026 576 1062 &
603 1036 724 1076 grave
744 1021 1034 1075 remigantibus
1053 1018 1290 1077 perhibent:
1314 1035 1364 1061 ne
1391 1021 1522 1061 ventis
1553 1018 1718 1073 quidem

315 1086 479 1143 perinde
510 1084 644 1126 attolli
667 1102 674 1124 τ
694 1085 816 1126 credo
840 1085 950 1137 quod
977 1086 1144 1125 rariores
1168 1097 1277 1124 terrae
1305 1083 1543 1137 montesque
1560 1111 1573 1133 ,
1600 1081 1719 1123 causa

316 1165 363 1190 ac
390 1150 555 1190 materia
585 1150 864 1204 tempestatum
893 1176 905 1197 ,
933 1151 974 1187 ὃζ
1003 1147 1204 1203 profunda
1233 1146 1360 1188 moles
1382 1147 1568 1188 continui
1598 1146 1715 1186 maris

314 1213 462 1254 tardius
480 1210 715 1268 impellitur.
732 1214 932 1253 Naturam
958 1211 1117 1252 Oceani
1134 1223 1252 1264 atque
1274 1211 1380 1251 aestfis
1397 1224 1527 1264 neque
1545 1222 1718 1264 quaerere

313 1274 430 1329 hujus
447 1277 578 1332 operis
597 1276 650 1316 est
658 1305 671 1326 ,
690 1291 736 1317 ac
754 1273 872 1316 multi
891 1273 1062 1316 retulere
1078 1288 1227 1315 :unum
1245 1274 1467 1315 addiderim
1481 1303 1495 1325 ,
1520 1273 1716 1328 nusquam

353 1415 365 1429 θ
399 1411 432 1438 ΙΝ
463 1411 677 1440 Occmiznrem
704 1409 862 1439 Hismuffi
881 1410 896 1445 ]
934 1409 994 1439 Jul.

315 1448 424 1480 Caesar.
440 1450 517 1480 Bell.
532 1449 615 1480 Gall.
635 1451 680 1485 V,
707 1459 753 1485 13.
777 1448 902 1477 Alterum
930 1449 997 1478 Bri-

315 1488 430 1519 tanniae
445 1489 524 1518 latus
542 1488 631 1527 vergit
652 1486 688 1515 ad
702 1487 864 1526 Hispaniam
885 1511 893 1523 ‚
919 1497 998 1526 arque

315 1527 481 1557 occidentem
501 1527 585 1557 Solem
602 1540 610 1556 .·
625 1527 676 1566 quii
702 1537 736 1556 ex
758 1537 838 1565 parte
850 1526 998 1566 eflHiber—

315 1578 375 1596 ma.

357 1610 367 1623 ²
392 1608 534 1645 Limus]
561 1607 633 1636 Haec
657 1607 800 1636 tradebat
827 1605 938 1636 Livius
958 1606 998 1635 li-

315 1646 375 1677 bro
390 1648 445 1677 CV
458 1670 467 1683 ‚
491 1647 545 1686 qui
564 1646 664 1685 periit.
687 1646 766 1676 Vide
779 1645 958 1684 Epitomen.

356 1691 366 1712 5
402 1687 518 1716 FAssius
544 1687 731 1722 Rusticus]
761 1687 828 1716 Jam
855 1685 997 1715 laudatus

317 1725 405 1764 supra
423 1727 534 1755 Annal.
548 1727 618 1756 XIV
632 1749 640 1761 ,
660 1737 688 1755 2.

356 1770 370 1788 4
394 1767 553 1796 OssLoucffl
588 1775 732 1795 scururffi
758 1775 820 1795 νει
845 1767 996 1802 mptum]

317 1804 378 1834 Has
389 1804 499 1843 figuras
514 1814 683 1844 utcumque
696 1802 810 1834 referet
822 1804 995 1840 Britannia,

317 1843 338 1873 si
356 1844 433 1874 citra
454 1845 684 1879 Caledoniam,
709 1842 823 1882 I'Ecoffi’
838 1867 846 1879 ‚
865 1854 933 1873 eam
951 1844 999 1873 in-

319 1883 461 1921 spexeris.
487 1887 528 1915 At
547 1884 579 1914 in
595 1884 640 1914 his
650 1882 755 1923 figuris
769 1882 851 1912 haud
867 1884 932 1921 plus
945 1894 998 1913 ve-

319 1923 419 1954 ritatis
437 1947 445 1960 ,
476 1926 570 1963 quam
603 1923 635 1953 in
657 1922 883 1960 Geographicis
908 1924 999 1952 tabu-

318 1962 356 1991 lis
370 1987 378 1997 ‚
400 1974 466 2002 quae
479 1963 621 2002 Belgium
642 1963 696 1993 sub
710 1961 811 1992 forma
823 1961 925 1992 leonis
946 1973 999 1992 ex-

318 2000 459 2032 hibuere.

362 2046 370 2068 5
397 2043 429 2070 lu
454 2053 581 2072 courum
605 2045 795 2074 TENUATUR]
817 2042 902 2071 Bene
930 2041 1000 2080 qui—

320 2079 402 2110 dem.
426 2082 493 2111 Pars
507 2083 602 2112 altera
617 2080 784 2112 Britanniae
795 2103 804 2113 ,
820 2081 928 2110 50οῐἰᾶ
939 2104 947 2117 ,
967 2081 999 2110 in

321 2130 458 2150 cuneum
487 2129 630 2151 tenuatur
651 2145 660 2158 ‚
691 2119 811 2151 australi
831 2120 1000 2150 Britannias

324 2168 410 2198 parte
424 2160 588 2198 angustior.

362 2199 376 2217 ⁶
398 2201 609 2231 Annam-ivm
632 2201 644 2236 Ἰ
673 2199 708 2228 Id
728 2198 828 2228 multo
852 2202 923 2229 ante
946 2210 1000 2229 co-

323 2237 469 2276 gnitum,
498 2248 530 2269 ut
557 2239 675 2270 constat
704 2248 742 2269 ex
769 2237 999 2277 antiquioribus

322 2276 523 2316 scriptoribus
538 2289 544 2308 z
558 2278 609 2308 sed
623 2282 692 2308 cum
706 2286 780 2308 tunc
798 2278 931 2315 primum
941 2279 1002 2309 Ro-

324 2325 416 2347 mana
433 2317 526 2348 claffis
538 2317 731 2347 Britanniam
744 2317 845 2348 fuiss‘et
868 2318 1001 2348 circum—

324 2360 412 2386 vecta
425 2380 433 2393 ‚
453 2357 484 2386 id
501 2356 706 2386 adfirmatum.
732 2357 778 2386 De
794 2357 849 2386 bac
870 2358 1001 2396 naviga-

326 2394 419 2439 tione
435 2396 554 2427 dicetur
575 2395 667 2426 fufius
689 2397 722 2425 in
731 2395 870 2428 Notis&
883 2398 1001 2428 Emen-

326 2433 505 2467 dationibus
529 2436 568 2467 ad
585 2445 652 2475 cap.
664 2437 715 2467 28.

1079 1414 1092 1434 7
1115 1409 1267 1439 ORCADAS
1290 1410 1304 1446 ]
1328 1410 1421 1439 Nunc
1448 1408 1487 1437 les
1512 1407 1573 1447 zsses
1587 1407 1719 1448 Orlcnqy‚

1038 1447 1089 1477 vel
1105 1447 1144 1476 les
1159 1447 1293 1477 Orcades.
1307 1449 1413 1478 Insulae
1427 1448 1556 1487 quidem
1572 1447 1631 1477 illae
1644 1455 1720 1479 tune

1038 1489 1123 1517 certo
1154 1487 1338 1526 penitusque
1365 1488 1501 1526 cognitae
1525 1487 1604 1517 sunt.
1636 1488 1720 1518 Ante

1038 1526 1119 1556 fama
1139 1526 1246 1557 saltem
1263 1527 1399 1557 celebres
1413 1527 1516 1557 fuere:
1530 1527 1613 1556 unde
1623 1526 1718 1564 Mela,

1037 1567 1079 1596 ΠΙ
1094 1588 1102 1601 ,
1124 1569 1142 1595 6
1160 1590 1169 1603 ,
1200 1565 1331 1605 Triginta
1347 1567 1416 1604 fimt
1443 1565 1568 1595 Orcades
1597 1565 1721 1606 angustis

1037 1605 1152 1643 interse
1172 1604 1409 1643 diduzflaeftrariis.
1430 1607 1468 1636 Et
1481 1605 1601 1636 Plinius
1618 1628 1627 1642 ‚
1654 1607 1720 1643 IV,

1042 1645 1170 1683 16‚sur1r
1189 1655 1279 1674 aurem
1298 1644 1349 1674 XL
1369 1645 1495 1675 Orcades
1517 1644 1630 1674 modicis
1647 1645 1722 1674 inter

1029 1686 1061 1724 ste
1076 1684 1196 1724 discreta»
1209 1685 1322 1724 spatiis.
1348 1685 1475 1716 Claudii
1492 1693 1633 1724 tempore
1651 1694 1723 1723 per-

1038 1725 1164 1763 vulgata
1176 1725 1238 1755 haec
1255 1725 1356 1761 fama,
1373 1726 1406 1756 δε
1420 1725 1512 1755 solita
1535 1724 1721 1754 adulatione

1037 1764 1136 1794 statim
1153 1765 1187 1794 in
1200 1764 1346 1794 viclorias
1369 1764 1489 1795 cessere.
1514 1764 1592 1793 Inde
1605 1764 1722 1793 Hiero-

1038 1815 1149 1843 nymus
1161 1828 1170 1841 ‚
1184 1804 1216 1833 in
1233 1803 1398 1834 Chronico
1419 1825 1427 1836 ,
1450 1801 1587 1832 Claudius
1604 1802 1636 1830 de
1653 1802 1722 1831 Bri-

1037 1844 1134 1872 tannis
1165 1843 1343 1880 triumphavit
1366 1868 1374 1880 ‚
1406 1842 1436 1872 Cr
1462 1841 1592 1872 Orcadas
1615 1841 1724 1881 insulas

1038 1883 1161 1912 Romano
1177 1882 1279 1920 adjecit
1296 1883 1418 1919 imperio.

1079 1923 1091 1942 ⁸
1113 1924 1225 1953 ΤΗυιΕ
1240 1925 1252 1960 ]
1276 1924 1369 1952 Nunc
1390 1922 1430 1950 les
1441 1921 1502 1961 {fler
1515 1920 1547 1949 de
1560 1919 1723 1957 Sclzetland‚‘

1038 1971 1072 1992 ut
1084 1965 1163 1992 recte
1181 1962 1307 1992 monuit
1323 1962 1460 1992 eruditus
1477 1961 1618 1991 Camden
1632 1984 1640 1995 ‚
1654 1959 1721 1989 Bri-

1038 2002 1159 2038 tannia,
1184 2012 1250 2040 pag.
1275 2004 1345 2038 814.
1365 2003 1455 2031 Tunc
1480 2009 1583 2031 tamen
1615 1999 1721 2030 Plinio

1020 2039 1167 2080 ¹cognita
1189 2041 1283 2070 ultima
1310 2042 1426 2069 omnium
1451 2040 1635 2075 insularum,
1659 2048 1719 2072 (711ae

1039 2090 1223 2110 memorantur
1233 2105 1241 2117 ,
1254 2080 1338 2109 Thule
1352 2105 1360 2117 ‚
1377 2090 1459 2110 nunc
1473 2078 1603 2119 l’lstande
1616 2102 1622 2108 .
1639 2077 1721 2108 Plin.

1039 2122 1100 2155 IV,
1128 2120 1364 2157 16.Procopius‚
1380 2121 1458 2150 Bell.
1474 2118 1722 2161 Gothic311‚15‚

1040 2160 1132 2190 aliam
1144 2160 1281 2190 celebrat
1289 2160 1513 2190 Thulen.nunc
1529 2162 1554 2184 [α
1566 2156 1721 2195 Norwege,

1040 2210 1133 2239 quam
1147 2200 1228 2229 inter
1242 2207 1360 2229 veteres
1371 2196 1497 2236 plurimi
1513 2195 1645 2226 insulam
1660 2195 1720 2226 effe

1041 2239 1212 2270 credidere.

1079 2284 1091 2302 9
1115 2279 1210 2307 ΜΑκΕ
1233 2287 1354 2306 Plenum
1378 2277 1391 2313 ]
1424 2275 1634 2309 Plinius‚lV‚
1660 2276 1716 2311 16,

1041 2317 1067 2345 A
1081 2316 1166 2345 Thule
1185 2315 1267 2344 unius
1289 2315 1342 2344 diei
1361 2315 1542 2354 navigatione
1559 2324 1634 2343 mare
1650 2323 1719 2342 cotz-

1041 2365 1140 2384 cretum
1154 2379 1162 2390 ‚
1188 2365 1205 2383 α
1228 2355 1368 2383 nonnullis
1393 2354 1523 2383 Cronium
1553 2352 1719 2390 appellatur.

1041 2395 1120 2425 Vide
1137 2396 1197 2432 jam
1218 2394 1296 2424 dina
1316 2395 1402 2433 supra
1418 2394 1450 2423 in
1468 2394 1550 2424 libro
1568 2394 1605 2424 de
1619 2392 1722 2424 Mori-

1041 2435 1096 2466 bus
1116 2435 1366 2473 Germanorum,
1389 2443 1456 2473 cap.
1475 2444 1525 2472 45.

1749 837 1803 869 10
