1952 2708
383 169 468 218 156
644 161 691 200 e.
763 157 1116 201 CORNLII
1195 157 1478 200 TACITI

375 258 471 286 num
497 241 571 282 erit
593 241 764 282 oratori:
791 256 920 295 neque
941 241 1049 281 enim
1071 240 1291 297 sapientem
1312 241 1573 282 informamus
1587 269 1601 292 ,
1631 255 1762 296 neque

374 307 606 347 Stoicorum
633 305 838 345 civitatem
855 334 867 355 ,
897 304 963 344 sed
994 319 1113 354 eum,
1143 306 1210 358 qui
1241 320 1323 345 non
1349 305 1535 358 quasdam
1561 317 1662 345 artes
1692 320 1763 345 au-

376 370 460 410 dire
493 373 501 389 ¹
522 398 535 419 ,
562 367 630 409 sed
652 382 789 408 omnes
817 366 1033 408 liberaliter
1063 366 1193 407 debet.
1219 368 1397 421 Ideoque
1427 372 1467 408 &
1501 367 1595 419 juris
1630 367 1763 408 civilis

376 432 585 473 scientiam
605 444 757 472 veteres
779 444 955 471 oratores
978 429 1395 485 comprehendebant,
1417 433 1457 470 ὅ(
1477 428 1763 484 grammatica,

376 492 546 545 musica,
574 498 614 536 &
633 492 852 549 geometria
873 492 1165 533 imbuebantur.
1189 492 1380 533 Incidunt
1403 493 1510 532 enim
1533 493 1656 532 causa:
1679 493 1764 549 plu-

376 560 483 599 rimae
511 558 698 612 quidem,
727 573 774 598 ac
802 571 909 613 paene
934 570 1099 605 omnes,
1126 554 1267 609 quibus
1287 553 1382 607 juris
1408 555 1553 595 notitia
1575 555 1763 597 desidera-

378 635 468 662 tur:
497 619 692 677 pleraeque
718 633 878 671 autem,
911 620 953 659 in
984 618 1125 673 quibus
1153 619 1211 658 11ae
1243 633 1402 674 quoque
1429 618 1601 659 scientiae
1629 621 1764 673 requi-

378 697 532 725 runtur.

441 747 651 789 XXXII.
684 749 793 788 NEC
819 745 1023 801 quisquam
1051 746 1289 803 respondeat
1315 745 1497 787 sufficere
1523 760 1568 787 ut
1593 747 1643 787 ad
1666 759 1763 787 tem-

378 826 451 867 pus
481 808 645 866 simplex
670 810 858 864 quiddam
882 814 896 830 ²
924 814 965 850 ὃς
985 809 1185 851 uniforme
1206 810 1435 851 doceamur.
1455 811 1631 850 Primum
1656 811 1764 850 enim

378 873 493 914 aliter
519 874 666 913 utimur
688 875 883 930 propriis,
910 872 1024 914 aliter
1047 873 1333 914 commodatis:
1359 872 1561 928 longeque
1582 872 1765 914 interesse

380 937 630 978 manifestum
662 938 715 977 est
736 966 749 987 ,
791 936 981 992 poffideat
1017 938 1104 990 quis
1136 951 1218 991 quae
1250 936 1517 992 profert,'an
1547 948 1765 977 mutuetur.

379 1000 540 1041 Deinde
569 999 651 1055 ipsa
684 998 899 1040 multarum
933 1000 1073 1040 artium
1112 999 1277 1040 scientia
1307 1000 1425 1040 etiam
1458 998 1566 1040 aliud
1602 1013 1765 1054 agentes

381 1078 456 1104 nos
484 1076 599 1104 ornat
615 1092 626 1112 ,
657 1075 773 1116 atque
800 1061 869 1102 ubi
894 1063 1058 1103 minime
1082 1063 1217 1103 credas
1232 1092 1244 1113 ,
1272 1065 1423 1104 eminet
1442 1067 1482 1103 &
1505 1062 1683 1103 excellit.
1703 1062 1767 1102 Id-

382 1141 459 1179 que
486 1141 569 1166 non
593 1126 730 1166 do&us
760 1125 883 1165 modo
913 1129 953 1165 δε
983 1125 1154 1180 prudens
1181 1126 1366 1177 auditor,
1396 1125 1462 1165 sed
1487 1127 1607 1166 etiam
1638 1140 1765 1181 popu-

381 1187 443 1229 lus
469 1187 689 1242 intelligit:
729 1203 775 1229 ac
809 1188 935 1228 statim
967 1189 1021 1228 ita
1048 1186 1165 1228 laude
1196 1189 1473 1244 prosequitur,
1503 1201 1549 1228 ut
1584 1187 1768 1243 legitime

381 1251 591 1301 studuisse,
617 1265 661 1292 ut
687 1265 756 1307 per
777 1266 915 1292 omnes
936 1250 1173 1305 eloquentia:
1196 1267 1382 1292 numeros
1404 1251 1497 1301 isse,
1524 1264 1569 1292 ut
1595 1251 1769 1305 denique

381 1327 583 1356 oratorem
621 1315 739 1355 etiam
769 1314 966 1355 fateatur:
1006 1329 1124 1368 quem
1156 1329 1239 1355 non
1275 1315 1381 1370 posse
1419 1312 1533 1354 aliter
1561 1314 1768 1365 exfistere,

382 1393 459 1419 nec
496 1377 678 1417 exstitiffe
716 1392 903 1431 umquam
938 1378 1162 1428 confirmo,
1194 1377 1264 1417 nisi
1291 1393 1411 1427 eum,
1441 1378 1536 1431 qui,
1564 1391 1767 1431 tamquam

383 1441 425 1480 in
449 1442 577 1481 aciem
604 1439 788 1480 omnibus
811 1442 927 1482 armis
951 1442 1154 1481 instruetus
1168 1469 1182 1490 ,
1206 1441 1258 1481 fic
1280 1442 1322 1480 in
1343 1441 1477 1481 forum
1499 1440 1685 1481 omnibus
1709 1455 1767 1481 ar-

382 1502 488 1543 tibus
514 1517 683 1544 armatus
708 1505 872 1544 exierit:
900 1505 1008 1558 quod
1038 1504 1138 1545 adeo
1169 1503 1388 1559 negligitur
1421 1503 1468 1543 ab
1495 1505 1638 1544 horum
1664 1517 1768 1544 tem-

343 1603 345 1607 .
384 1582 526 1623 porum
551 1567 703 1608 disertis
717 1596 730 1616 ,
750 1580 793 1607 ut
813 1568 854 1607 in
877 1567 1095 1609 aelionibus
1116 1581 1256 1608 eorum
1274 1567 1340 1608 fex
1360 1582 1519 1622 quoque
1542 1567 1767 1621 quotidiani

383 1631 575 1670 sermonis
592 1660 605 1680 ,
635 1630 741 1670 foeda
768 1646 815 1671 ac
846 1631 1031 1687 pudenda
1052 1631 1150 1671 vitia
1172 1631 1520 1686 deprehendantur
1536 1660 1548 1681 ,
1573 1644 1618 1671 ut
1648 1631 1768 1685 igno-

384 1707 474 1733 rent
499 1692 635 1748 leges,
663 1709 743 1733 non
770 1706 933 1735 teneant
963 1693 1331 1745 senatusconsulta,
1362 1693 1423 1747 jus
1455 1694 1626 1735 civitatis
1657 1692 1767 1734 ultro

385 1756 615 1797 derideant:
651 1757 847 1812 sapientiae
884 1759 981 1798 vero
1015 1757 1183 1798 studium
1212 1761 1253 1798 ὅ(
1283 1771 1478 1814 praecepta
1510 1757 1768 1812 prudentium

382 1821 544 1875 penitus
565 1819 856 1870 reformident,
887 1822 929 1860 in
958 1821 1207 1876 paucissimos
1232 1820 1365 1861 sensus
1399 1824 1439 1861 &
1469 1820 1648 1874 angustas
1677 1819 1768 1860 sen-

384 1884 530 1924 tentias
563 1882 774 1924 detrudant
804 1881 1106 1938 eloquentiam,
1136 1883 1248 1924 velut
1277 1881 1480 1940 expulsam
1515 1897 1641 1938 regno
1666 1882 1768 1923 suo:

385 1958 431 1985 ut
455 1961 537 2000 quae
563 1944 662 1986 olim
687 1947 867 1988 omnium
892 1947 1034 1987 artium
1073 1947 1235 1988 domina
1269 1946 1540 2003 pulcherrimo
1573 1946 1768 1987 comitatu

387 2011 546 2064 peffiora
568 2008 789 2066 implebat,
815 2025 924 2053 nunc
950 2010 1184 2053 circumcisa
1210 2014 1251 2052 &c
1279 2023 1506 2067 amputata,
1536 2009 1615 2050 fine
1646 2024 1768 2066 appa-

387 2170 434 2209 tat
446 2167 509 2197 vita
524 2168 648 2212 Epicuri
670 2170 750 2207 apud
769 2170 946 2211 Diogenem
964 2171 1057 2202 Laet-
1097 2172 1189 2202 leotti
1201 2195 1211 2209 ,
1235 2170 1362 2201 Ficoroni
1379 2169 1498 2200 Gemmae
1518 2168 1679 2208 illustratae,
1697 2176 1766 2206 pag.

388 2212 466 2234 num
482 2230 490 2243 ,
510 2207 579 2250 libr.
598 2218 641 2237 10.
660 2210 739 2240 Vide
755 2220 880 2249 quoque
895 2219 984 2241 notas
998 2212 1055 2241 Ca-
1101 2215 1168 2249 136.

387 2243 516 2289 saubom
534 2270 543 2282 ,
573 2258 636 2285 cap.
674 2258 701 2287 5.
732 2250 928 2280 Metrodorus
953 2259 1055 2281 autem
1138 2257 1146 2270 ¹
1171 2253 1275 2280 Amas
1301 2248 1445 2284 Annum]
1470 2248 1603 2281 Veritrs,
1629 2245 1715 2275 adire.

387 2282 551 2329 drscipuhrs
573 2286 630 2316 fuit
648 2287 778 2326 Epicuri.
801 2288 963 2328 Utriusque
984 2289 1055 2320 her·
1137 2294 1147 2306 ²
1170 2292 1309 2319 SIMPLEX
1337 2298 1486 2322 QumDAM
1504 2289 1517 2324 ]
1541 2286 1682 2317 Sufficere
1702 2293 1764 2328 ue,

386 2332 455 2359 ma,
474 2326 646 2362 conjunctis
675 2327 843 2366 capitibus,
862 2337 997 2367 repertus
1017 2329 1056 2359 est
1096 2331 1167 2358 cum
1193 2336 1312 2366 tempus
1337 2327 1443 2366 resque
1467 2326 1636 2365 postulant,
1652 2324 1765 2368 fimpll-

386 2371 471 2404 anno
496 2373 569 2401 1743
596 2365 702 2395 Romae
725 2366 757 2395 in
779 2367 952 2397 Liberianae
974 2367 1055 2398 Bafi-
1096 2367 1143 2396 cia
1156 2367 1294 2406 quaedam
1315 2367 1347 2396 &
1366 2365 1535 2397 uniformia
1556 2364 1668 2397 artium
1683 2373 1766 2403 prm*

386 2401 452 2431 hcae
479 2401 715 2444 fundamentis,
743 2414 776 2437 ut
803 2406 895 2439 docet
923 2408 954 2438 P.
993 2408 1056 2438 Ga·
1096 2406 1320 2446 cipiaapetitis
1333 2406 1510 2438 doceamuru

1794 820 1846 848 10

1791 1451 1849 1483 20
