1952 2708
345 152 405 191 92
611 137 658 177 C.
724 132 1141 177 CORNELII
1195 131 1490 176 TACITI

347 216 599 270 obtinerique
636 215 873 257 Hiberniam
906 215 1027 272 poffe.
1054 216 1180 270 quue
1207 216 1327 257 etiam
1363 217 1546 258 adversus
1573 214 1733 258 Britan-

349 284 455 322 niam
483 280 733 336 profuturum
749 309 762 330 ,
789 280 816 318 sl
841 281 1026 321 Romana
1050 279 1198 334 ubique
1225 294 1357 330 arma,
1384 284 1424 321 ὅ(
1442 279 1555 321 velut
1575 295 1596 321 e
1621 280 1734 322 cons-

348 345 464 400 pe'Ctu
486 343 646 384 libertas
667 341 889 384 tolleretur.

410 405 559 448 XXV.
595 406 836 446 CETERUM
862 407 986 446 aestate
1002 435 1014 456 ,
1041 402 1118 460 qua
1138 406 1293 446 sextum
1314 405 1440 446 officii
1464 421 1613 447 annum
1638 413 1648 428 ¹
1670 409 1733 448 in<-

349 468 548 520 choabat,
578 469 784 525 amplexus
821 471 1003 510 civitates
1038 473 1052 490 ²
1088 482 1194 509 trans
1233 468 1466 509 Bodotriam
1497 469 1608 519 sitas,
1640 471 1732 523 quia

345 545 480 573 motus
503 533 774 574 universarum
798 531 901 572 ultra
925 533 1134 587 gentium,
1164 536 1204 572 ὅ(
1230 532 1366 572 infesta
1392 530 1525 571 hostili
1550 534 1733 573 exercitu

345 596 487 637 itinera
507 596 774 646 timebantur,
797 609 934 651 portus
960 594 1076 636 classe
1096 594 1338 651 exploravit:
1363 609 1445 648 quae
1465 593 1512 634 ab
1535 592 1732 650 Agricola.

345 660 515 715 primum
542 659 746 715 adsumpta
767 659 809 697 in
831 672 983 714 partem
1007 660 1178 709 virium,
1210 657 1445 712 sequebatur
1466 657 1627 713 egregia
1648 658 1732 714 spe-

347 723 434 772 cie,
464 725 555 763 cum
582 721 695 761 simul
732 720 860 771 terra,
890 720 1004 761 simul
1030 723 1128 762 mari
1163 720 1314 762 bellum
1348 720 1648 777 impelleretur,
1682 736 1731 762 ac

342 785 442 841 saepe
465 785 604 826 iisdem
625 785 754 826 castris
777 784 897 840 pedes
911 815 924 835 ‚
945 786 1169 839 equesque,
1189 789 1228 825 ὃς
1247 785 1431 826 nauticus
1452 784 1566 825 miles
1581 814 1593 835 ,
1614 785 1731 825 mixti

346 850 475 904 copiis
499 853 537 888 &
564 847 725 898 laetitia,
752 848 819 889 sua
854 849 1019 902 quisque
1043 849 1143 889 facia
1159 877 1171 898 ‚
1204 848 1294 889 suos
1331 849 1442 889 casus
1471 847 1730 888 attollerent:

343 927 391 953 ac
416 911 537 952 modo
562 929 584 949 (ε
614 911 797 952 silvarum
828 914 868 952 ὅ(
895 912 1094 952 montium
1128 911 1326 967 profunda
1349 929 1393 961 2),
1424 911 1547 951 modo
1579 929 1600 947 «
1626 924 1731 952 tem-

343 976 569 1030 »pestatum
593 990 639 1016 ac
663 976 855 1015 fluctuum
877 974 1039 1016 adversa
1073 992 1118 1024 »,
1144 976 1240 1014 hinc
1272 992 1293 1011 «
1330 988 1434 1015 terra
1471 978 1511 1014 ὅ(
1538 975 1658 1015 hostis
1683 992 1730 1025 »,

343 1039 440 1079 hinc
468 1055 488 1074 «
520 1040 652 1079 aqus
680 1039 869 1079 Oceanus
895 1043 904 1066 ³
935 1055 957 1074 2>
985 1037 1148 1078 militari
1181 1036 1364 1089 jactantia
1391 1051 1729 1093 compararentur.

350 1117 372 1136 κ
393 1101 607 1142 Britannos
627 1118 647 1138 >³
676 1115 860 1154 quoque,
882 1113 927 1140 ut
946 1115 996 1140 ex
1019 1100 1187 1156 captivis
1208 1100 1461 1151 audiebatur,
1489 1118 1510 1136 (ε
1529 1101 1612 1141 visa
1634 1100 1730 1142 clas-

340 1178 362 1200 »
374 1163 417 1204 fis
443 1163 781 1219 obstupefaciebat
794 1193 806 1214 ,
831 1177 1034 1217 tamquam
1050 1193 1062 1213 ‚
1090 1176 1229 1218 aperto
1252 1166 1369 1204 maris
1387 1163 1446 1203 sui
1466 1163 1642 1215 secreto,
1667 1163 1730 1204 ul-

338 1242 362 1264 2>
373 1228 516 1267 timum
540 1228 651 1267 violis
689 1226 917 1282 perfugium
944 1226 1197 1268 clauderetur
1222 1243 1265 1267 2).
1290 1227 1356 1268 Ad
1380 1242 1520 1267 manus
1554 1231 1594 1267 &
1620 1242 1730 1269 arma

340 1291 521 1331 conversi
546 1289 811 1330 Caledoniam
835 1288 1060 1331 incolentes
1084 1289 1251 1346 populi,
1278 1304 1417 1346 paratu
1441 1305 1616 1345 magno,
1646 1306 1731 1332 ma-

339 1351 426 1405 jore
454 1351 558 1393 fama
576 1383 588 1402 ‚
616 1354 675 1393 uti
699 1368 787 1393 mos
813 1354 865 1393 est
891 1353 939 1394 de
966 1354 1141 1408 ignotis,
1168 1370 1190 1389 «
1220 1353 1464 1410 oppugnasse
1492 1353 1599 1394 ultro
1628 1360 1646 1382 4
1681 1371 1728 1404 >2²

341 1415 501 1456 castella
525 1415 654 1456 adorti
682 1420 726 1467 5,
754 1430 907 1457 metum
922 1445 936 1467 ,
963 1431 1006 1458 ut
1028 1430 1320 1473 provocantes,
1347 1416 1601 1458 addiderant:
1628 1435 1650 1454 «
1669 1433 1726 1458 re-

339 1479 715 1533 >›grediendumque
747 1481 844 1521 citra
877 1481 1140 1532 Bodotriam,
1173 1483 1213 1521 ὃς
1248 1480 1526 1521 excedendum
1557 1482 1689 1536 potius
1711 1510 1727 1532 ,

339 1540 490 1595 »quam
512 1541 757 1598 pellerentur
777 1561 822 1593 ³),
843 1545 979 1599 ignavi
999 1545 1131 1600 specie
1155 1543 1411 1600 prudentium
1433 1544 1725 1585 admonebant:

340 1607 432 1645 cum
457 1606 617 1645 interim
641 1606 853 1661 cognoscit
876 1606 893 1628 ⁶
908 1637 921 1658 ,
949 1625 970 1644 ‹<
993 1609 1122 1648 hostes
1145 1605 1325 1662 pluribus
1347 1606 1570 1663 agminibus
1594 1609 1726 1664 inrup-

337 1684 360 1704 »
372 1682 480 1709 turos
494 1687 537 1712 n.
560 1670 622 1709 Ac
634 1685 683 1709 ne
698 1670 908 1725 superante
929 1686 1097 1711 numero
1111 1701 1123 1721 ,
1142 1674 1182 1710 &
1199 1668 1340 1726 peritia
1355 1671 1541 1712 locorum
1557 1671 1726 1712 circum-

337 1732 459 1771 iretur
476 1761 488 1781 ‚
519 1732 648 1772 diviso
675 1736 714 1772 ὃς
737 1734 820 1788 ipse
842 1735 883 1773 in
908 1747 985 1775 tres
1010 1748 1139 1790 partes
1165 1735 1346 1775 exercitu
1371 1734 1536 1775 incessit.

399 1794 577 1837 XXVI,
612 1797 765 1850 QUOD
791 1795 859 1836 ubi
881 1799 1091 1853 cognitum
1112 1798 1238 1848 hosti,
1261 1810 1417 1838 mutato
1438 1797 1602 1853 repente
1624 1811 1725 1838 con-

377 1909 385 1923 ¹
409 1905 541 1935 Saxum
563 1914 674 1934 omen
705 1915 812 1936 amum
841 1909 853 1940 ]
885 1907 1012 1937 Annum
1050 1909 1095 1938 uti
1105 1917 1174 1938 mos
1188 1906 1229 1937 est
1247 1908 1285 1938 de
1303 1905 1612 1946 ignotis‚ssritannos
1626 1915 1725 1946 oppu-

334 1943 424 1974 Urbis
446 1943 581 1974 conditae
601 1955 804 1978 Dcccxxxvr.
817 1945 884 1976 Jesu
900 1945 1010 1976 Christi
1049 1947 1148 1985 gnaffe
1170 1947 1263 1977 ultro.
1286 1948 1368 1976 Nam
1383 1948 1441 1974 cnm
1458 1945 1564 1984 castella
1580 1944 1669 1974 adorti
1683 1946 1725 1984 est

336 1985 387 2019 23.
1040 1987 1103 2024 sant
1114 2008 1124 2021 ‚
1145 1985 1242 2024 fissarsa
1257 1985 1291 2024 est
1303 1985 1384 2022 fama
1398 1985 1465 2024 ipfhs
1488 1984 1556 2013 ultro
1570 1983 1666 2013 bellum
1678 1985 1725 2013 in-

373 2027 389 2065 2'
407 2025 574 2053 Arum-exus
598 2033 766 2054 cIVlTATEs
791 2026 806 2061 ]
841 2025 1009 2064 Amplexus
1048 2024 1131 2064 tulzse
1145 2035 1156 2059 ;
1178 2036 1256 2063 atque
1271 2025 1333 2054 hinc
1346 2034 1432 2054 metus
1449 2024 1581 2053 Romanis
1596 2023 1630 2062 est
1641 2022 1726 2053 addi-

332 2062 508 2091 Orientales
521 2062 770 2093 Caledoniorum
780 2063 938 2101 civitates,
954 2065 1008 2095 ubi
1047 2074 1107 2101 zur,
1128 2073 1160 2094 ut
1172 2067 1251 2096 reete
1267 2065 1404 2103 explicat
1420 2064 1466 2094 111.
1484 2063 1626 2093 Huetius.

332 2109 416 2130 nunc
431 2101 600 2139 provinciae
614 2101 693 2137 fise,
709 2102 810 2139 Perrh,
836 2103 983 2133 Strarlzern
999 2128 1007 2141 ‚
1089 2110 1096 2131 5
1120 2105 1282 2135 CASTELLA
1307 2115 1428 2135 Αοοκτι
1447 2104 1461 2139 ]
1476 2104 1521 2133 Ex
1534 2102 1580 2131 his
1594 2100 1723 2131 castellis

332 2139 455 2178 Angus,
475 2139 607 2176 Μενηες,
628 2141 732 2178 Man,
764 2152 868 2172 earum
900 2153 1007 2180 portus
1046 2144 1202 2174 nonnulla
1219 2143 1318 2174 adhuc
1346 2143 1462 2174 exstant
1490 2141 1521 2170 in
1547 2139 1723 2179 provinciis

332 2179 420 2208 classe
436 2180 622 2217 exploravit.
646 2180 726 2212 Vide
739 2182 836 2212 Notas
850 2183 883 2213 &
895 2183 1009 2212 Emen-
1045 2182 1104 2219 Fise
1116 2206 1123 2218 ‚
1146 2183 1229 2212 Perrh
1240 2206 1249 2218 ‚
1269 2183 1303 2212 ὃς
1321 2181 1480 2210 Strathern.

331 2218 475 2248 dationes
492 2219 529 2248 ad
548 2229 614 2258 cap.
634 2230 683 2258 25.
1084 2224 1097 2241 ⁶
1119 2224 1303 2253 Coenoscw
1321 2221 1335 2256 ]
1363 2218 1507 2258 Agricola
1523 2242 1532 2255 ‚
1558 2220 1628 2248 cilm
1655 2217 1722 2248 haec

372 2262 382 2282 3
406 2259 530 2287 Aucrus
546 2261 692 2289 Oceanus
708 2261 721 2297 ]
737 2259 960 2292 Gloriabantur
977 2262 1006 2292 se
1045 2261 1214 2301 cognovit,
1235 2259 1358 2289 videtur
1383 2258 1468 2289 fuiffe
1489 2258 1521 2287 in
1540 2257 1637 2287 Alatis
1658 2257 1722 2286 cas-

330 2296 452 2326 Oceani
471 2296 621 2328 terminos
642 2299 825 2338 propagasse.
839 2299 887 2331 Sic
902 2304 1004 2332 auctus
1044 2301 1115 2335 tris,
1135 2309 1218 2330 nunc
1232 2297 1418 2338 Edinburgh;
1446 2306 1480 2327 ut
1509 2298 1570 2334 jam
1594 2296 1720 2327 monuit

332 2337 486 2366 Oceanus.
1043 2338 1179 2370 eruditus
1207 2338 1341 2368 Gordon
1358 2362 1369 2378 ,
1399 2337 1578 2368 Itinerarium
1600 2335 1721 2373 Septen-

369 2379 385 2406 .4
407 2376 607 2408 Orrummssz
630 2388 732 2409 υιτΒο
747 2378 893 2418 ]Majore
904 2378 1003 2417 fama,
1042 2378 1177 2418 trionale,
1196 2387 1263 2417 pag.
1281 2381 1330 2416 36.

1762 800 1816 831 10

1753 1435 1812 1463 20
