1952 2708
127 493 150 532 5

103 811 154 836 10

107 1123 153 1162 15

439 151 620 193 LIBRI
654 136 902 193 OCTAvr
936 149 1304 193 ANNALIUM.
1472 165 1558 201 299

238 232 324 273 III.
357 232 509 272 HAUD
550 230 691 286 puduit
733 230 862 286 ipsum
899 231 1162 287 Principem,
1202 245 1393 273 revocato
1435 230 1697 272 veteriE

174 310 286 336 more
314 311 335 330 <c
361 307 406 334 ut
433 294 513 334 duo
541 307 725 349 praetores
745 298 754 314 ¹
795 292 1030 348 gladiatoria
1068 309 1232 335 munera
1257 295 1490 336 sortirentur
1515 311 1560 343 ³),

178 357 296 398 ludos
332 356 478 398 licitari
511 361 524 377 ²
551 374 559 396 ;
585 355 826 411 gladiatores
857 360 868 407 (
895 355 995 397 facia
1027 359 1154 398 cuivis
1194 357 1311 412 copia
1333 388 1345 408 ‚
1385 357 1518 413 plures
1545 386 1558 407 ,

179 419 295 474 quani
322 435 392 476 per
418 419 528 475 leges
560 420 614 461 sas
646 434 756 470 erat,
784 420 943 461 emendi
969 424 981 471 )
1009 419 1239 462 consulibus
1259 450 1271 469 ,
1303 420 1560 476 tumoribus,

180 483 370 524 ditissimis
399 483 645 538 quibusque,
673 483 901 525 volentibus
926 498 992 524 aut
1014 485 1176 534 invitis,
1198 484 1379 524 vendidit
1408 489 1418 512 ³
1439 514 1451 535 ,
1479 497 1563 539 pre-

179 547 234 587 tia
262 547 384 601 usque
403 550 452 587 eo
481 547 727 597 extendens,
755 561 800 588 ut
827 547 1014 588 nonnulli
1040 562 1172 588 emere
1201 548 1351 597 coaffi,
1384 551 1422 586 &
1448 546 1564 587 bonis

181 611 315 660 exuti,
338 625 457 651 venas
481 609 550 650 fibi
570 610 795 651 inciderent
818 616 836 639 4
861 627 869 651 ε
894 610 1167 652 fraudulenter
1189 611 1309 650 etiarn
1333 609 1565 665 inrepebat,

181 675 240 712 uti
278 688 529 729 compertum
557 674 604 714 de
644 675 809 729 Aponio
845 676 1062 715 Saturnino
1089 679 1131 724 5,
1161 688 1280 727 quem
1318 676 1409 714 cuni
1445 674 1566 716 Caius

181 736 285 776 inter
322 736 506 777 subsellia
546 737 831 778 dormitantem
871 738 1056 787 vidisset,
1099 752 1325 794 praeconem
1370 739 1530 777 monuit
1554 766 1568 787 ,

189 815 210 835 ε(
238 814 287 839 ne
317 802 541 855 praetorium
583 801 710 840 virum
750 800 890 842 crebro
927 803 1068 856 capitis
1096 815 1208 842 motu
1250 814 1456 842 nutantem
1502 799 1571 840 fibi

181 864 428 917 »praeteriret
454 881 495 902 ».
527 865 619 904 Nec
642 863 793 904 licendi
819 865 906 904 finis
931 865 1053 905 faetus
1072 895 1084 914 ,
1120 865 1252 919 quoad
1274 865 1467 905 tredecim
1492 863 1571 919 gla-

182 925 354 966 diatores
390 926 606 967 sestertium
641 928 834 981 nonagies
865 925 881 947 ⁶
907 929 976 967 vix
1004 930 1243 983 expergito,
1275 933 1315 968 ὃς
1341 929 1571 983 ignoranti,

183 989 477 1030 addicerentur.
505 990 702 1031 Nondum
732 991 941 1046 rapacitati
969 990 1059 1032 satis
1087 1009 1094 1031 :
1122 990 1390 1046 gladiatores,
1419 1005 1572 1045 equos,

184 1053 397 1106 agitatores
414 1083 427 1104 ,
455 1053 640 1094 venditos
677 1068 836 1094 veneno
863 1053 1057 1095 enecabat
1083 1060 1096 1082 ⁷
1113 1084 1127 1105 ,
1165 1068 1209 1094 ut
1235 1053 1334 1094 alios
1362 1055 1572 1110 emptitare

187 1129 365 1170 cogeret.
664 1168 668 1173 ·

249 1179 327 1220 IV.
362 1180 510 1219 HANG
541 1194 700 1233 quoque
731 1177 895 1219 luxui-ize
923 1181 1122 1220 vesaniam
1160 1179 1372 1231 laudibus,
1403 1181 1535 1221 studiis
1560 1209 1573 1231 ,

184 1257 233 1282 ac
261 1243 426 1297 praeniiis
453 1243 695 1283 incendebat
721 1260 728 1282 :
756 1243 838 1298 ipse
866 1244 1025 1283 Prasinae
1051 1244 1215 1283 faclioni
1247 1241 1260 1264 ³
1288 1245 1343 1284 ita
1373 1245 1573 1294 addffitus,

186 1318 231 1345 ut
255 1306 297 1345 in
324 1303 407 1357 ejus
433 1305 585 1346 stabulo
607 1306 750 1347 assidue
773 1320 956 1357 cenaret,
980 1311 1020 1347 ὃς
1052 1307 1240 1361 agitatori
1262 1306 1450 1361 Eutycho
1471 1312 1486 1336 9
1510 1323 1576 1348 co-

191 1445 279 1483 supra
294 1445 405 1475 Annal.
422 1447 482 1481 111,
503 1455 549 1482 31.
564 1445 645 1477 Vide
658 1445 781 1477 &infra
792 1448 865 1485 Sup-

190 1485 338 1525 plement.
357 1485 468 1514 Annal.
483 1487 524 1514 IX
539 1509 546 1521 ‚
564 1498 613 1523 44.

233 1529 240 1542 ¹
266 1525 312 1553 UT
334 1536 396 1554 Duo
420 1535 588 1555 PRAETokfs
608 1527 620 1562 ]
650 1525 714 1554 Dio
734 1545 742 1559 ‚
771 1525 864 1561 LIX,

190 1573 258 1604 pag.
272 1567 342 1602 650.

228 1606 237 1618 ²
264 1603 373 1632 LUDos
397 1604 570 1640 ucrraal]
594 1603 679 1638 Dio,
698 1602 774 1632 ibid.

903 1447 980 1477 Rem
1011 1447 1091 1478 lianc
1118 1447 1268 1478 ludicram
1301 1447 1423 1486 egregie
1452 1447 1577 1479 illustrat

903 1496 990 1516 vetus
1019 1487 1093 1525 lapis
1112 1489 1150 1517 ab
1171 1487 1293 1517 erudito
1318 1488 1485 1518 Sirmondo
1510 1488 1578 1518 lau—

904 1527 990 1556 datus
1011 1526 1043 1556 in
1066 1526 1160 1556 Notis
1182 1527 1220 1556 ad
1240 1526 1405 1556 Sidonium
1423 1537 1490 1566 pag.
1510 1531 1578 1558 160.

933 1613 971 1636 M.
1003 1612 1090 1636 AVR.
1120 1612 1327 1637 POLYMCES
1352 1613 1444 1637 NAT.
1474 1614 1549 1638 vER

907 1663 969 1686 NA.
1000 1662 1063 1692 QVI
1094 1662 1200 1686 VIXIT
1230 1662 1322 1686 ANN.
1354 1663 1451 1687 XXIX.
1481 1664 1581 1688 MENS

907 1713 954 1736 lx.
985 1713 1118 1736 DIEBVS
1146 1713 1180 1736 V.
1209 1712 1271 1742 QVI
1299 1713 1402 1736 VICIT
1433 1713 1580 1737 PALMAS

233 1647 243 1668 3
266 1644 457 1679 memr]
481 1641 565 1677 Dio,
589 1642 668 1672 ibid.

230 1686 245 1703 4
265 1684 368 1711 Vri-tas
390 1693 445 1710 sm
478 1691 672 1712 INCIDERLNT

695 1684 708 1720 ]
737 1684 866 1713 Sueton.

192 1719 226 1750 in
246 1720 346 1756 Caio,
368 1721 541 1750 XXXVIII.

235 1765 243 1786 5
270 1762 390 1789 Ammo
413 1762 595 1790 §uvaurae
624 1761 638 1796 ]
670 1760 704 1789 Id
734 1760 868 1790 totidem

195 1799 292 1829 ferme
330 1798 433 1829 verbis
466 1808 567 1829 narrat
594 1799 780 1837 Suetonius,
807 1800 868 1829 loc.

195 1846 250 1868 cit.

234 1878 247 1896 ⁶
278 1878 477 1908 SESTERTIUM
511 1889 662 1908 NONAOEES
697 1882 707 1912 ]
743 1877 870 1908 Gallicae

195 1925 331 1948 monetae
348 1916 432 1946 libris
457 1927 633 1955 ¹⁷750’97¹·
653 1919 655 1922 ’

235 1962 247 1981 7
276 1958 405 1986 Vns-Euo
436 1967 595 1987 ENLCABAT
621 1957 635 1993 ]
664 1956 751 1994 Dio,
785 1957 870 1986 LIX.

194 2005 263 2035 pag.
281 1998 351 2033 650.

237 2035 248 2054 ⁸
284 2036 425 2064 Paasruffi
452 2035 634 2071 FAC-from]
674 2037 804 2066 Sueton.
836 2034 869 2064 in

197 2074 277 2104 Caio
290 2096 298 2109 ,
318 2076 383 2104 LV.
403 2072 594 2103 Circensium
611 2073 796 2111 agitatorum
811 2074 871 2104 sac-

197 2113 300 2144 tiones
329 2113 501 2143 tunicarum
521 2113 680 2143 coloribus
700 2122 786 2144 erant
809 2114 871 2143 dis-

197 2152 321 2184 tincTtae:
338 2153 419 2182 unde
432 2151 485 2182 alii
498 2152 602 2182 Albati
616 2174 623 2186 ‚
642 2152 665 2180 le
685 2153 757 2188 parti
773 2152 869 2186 Μαγια-

199 2192 314 2223 Rtrssati
329 2216 337 2226 ,
358 2191 381 2220 le
399 2192 473 2228 parti
492 2191 733 2230 7-012ge;Prafini,
757 2191 780 2221 le
796 2193 872 2228 parti

199 2231 289 2266 2·erd;
306 2231 440 2267 Veneti,
456 2231 480 2259 le
495 2231 569 2268 pam·
580 2230 638 2260 bleu
649 2255 658 2267 ‚
679 2231 872 2262 dicebantur.

200 2270 266 2300 Hos
284 2271 405 2301 colores
431 2281 492 2301 uno
516 2270 602 2301 versu
630 2271 812 2309 complexus
834 2271 874 2303 est

204 2309 346 2340 Sidonius
359 2334 368 2348 ‚
389 2312 493 2341 Carm.
508 2311 631 2346 XXIII,
650 2321 718 2348 323.

534 2361 628 2384 Micam
639 2361 729 2384 colores

258 2391 350 2421 Albus,
368 2394 405 2418 vel
427 2393 526 2419 Venetus
538 2411 545 2422 ,
563 2395 658 2423 virens,
677 2393 808 2427 rubensque.

910 1762 947 1785 N.
975 1762 1176 1786 DCCXXXIX.
1204 1762 1268 1785 SIC.
1300 1762 1339 1785 IN
1370 1763 1519 1786 RVSSEO.
1557 1763 1582 1786 N

910 1812 1024 1836 DCLV.
1057 1812 1095 1836 IN
1126 1812 1291 1835 PRASINO
1319 1811 1380 1835 LV.
1412 1812 1451 1835 IN
1478 1813 1582 1837 VENE

908 1861 961 1885 TO
994 1862 1057 1885 XII.
1090 1862 1129 1885 IN
1161 1862 1259 1885 ALBO
1296 1862 1334 1884 N.
1366 1861 1455 1885 XVII.
1483 1862 1583 1887 PRAE

912 1911 980 1936 MIA
1008 1913 1116 1936 XXXX.
1146 1911 1183 1936 N.
1215 1911 1267 1934 111.
1298 1912 1380 1935 XXX·
1408 1912 1507 1935 XXVI.
1535 1913 1584 1937 Pv

910 1962 961 1985 ΒΑ
984 1963 1021 1986 Ν.
1040 1962 1087 1987 XI.
1103 1961 1288 1986 OCTOIVG.
1305 1961 1341 1986 N.
1354 1960 1435 1985 VIII.
1452 1962 1538 1988 DEC.
1557 1962 1583 1986 N

912 2012 1005 2035 VIIII.
1033 2011 1152 2035 SEIVG.
1185 2011 1221 2036 N.
1250 2011 1300 2036 111.

912 2071 952 2099 N.
978 2069 1187 2101 intellexerim
1202 2077 1267 2100 tum
1288 2070 1325 2099 de
1338 2079 1467 2101 numero
1485 2070 1586 2102 vich)-

910 2109 1025 2140 riarum
1037 2133 1045 2145 ,
1065 2118 1131 2140 tum
1147 2109 1185 2139 de
1196 2119 1327 2139 numero
1343 2110 1479 2148 locoque
1492 2120 1584 2149 quem

913 2148 1078 2179 obtinebat
1092 2148 1172 2179 inter
1187 2148 1353 2186 agitatores
1366 2172 1374 2184 ‚
1394 2149 1448 2188 qui
1464 2150 1586 2187 oCtoju—

912 2188 999 2227 gibus
1009 2213 1017 2224 ,
1029 2187 1260 2226 decemjugibus
1276 2212 1285 2224 ‚
1304 2188 1458 2227 sejugibus
1472 2189 1586 2220 vicere.

911 2230 1005 2259 Pvfl..
1023 2228 1060 2258 de
1074 2227 1230 2268 bijugibus
1249 2229 1431 2266 acceperim.

945 2273 966 2299 .⁹
988 2268 1166 2298 Aen-arom
1190 2268 1368 2305 Eua-reno]
1391 2268 1439 2298 De
1455 2278 1519 2307 quo
1537 2270 1588 2298 Jo-

913 2307 995 2345 seph.
1014 2307 1121 2345 Antiq.
1143 2306 1264 2337 Judaic.
1288 2308 1378 2343 XIX,
1401 2319 1430 2344 4.
1459 2318 1543 2337 num.
1557 2318 1588 2342 4.

913 2347 1003 2377 Haud
1024 2346 1065 2377 ita
1081 2346 1285 2384 probabiliter
1307 2347 1388 2385 apud
1404 2346 1590 2378 Suetonium

913 2387 977 2420 loc.
993 2386 1045 2418 cit.
1063 2385 1186 2429 Cytlu'co.

1273 2449 1346 2503 Pr
1375 2445 1401 2498 ij

1583 274 1613 298 A.
1624 276 1653 298 U.
1666 276 1696 299 C.

1603 330 1678 359 792·

1605 378 1630 402 J.
1641 377 1671 401 C.

1617 432 1668 461 39·
