1952 2708
407 181 494 219 240
596 161 818 204 NOTAE
862 158 946 200 ET
993 157 1589 204 EMENDATIONES
1641 194 1645 197 .

455 239 579 280 ANT
593 239 628 276 O
642 239 674 274 N
689 238 746 274 IN
762 238 794 274 U
807 237 828 272 S
869 236 968 273 PIU
983 239 1004 272 S
1021 266 1030 281 ‚
1047 251 1119 288 quo
1138 237 1302 286 Principe
1320 239 1557 294 prosperrima
1571 239 1638 275 fuit
1651 251 1703 275 res
1713 236 1788 275 Ro-

403 305 508 332 mana
523 318 531 333 ,
546 287 838 327 benevolentiam
861 287 990 335 populi
1010 287 1163 324 Romani
1186 287 1281 323 fovit
1301 289 1482 325 continuis
1505 289 1789 326 liberalitatibus.

403 344 550 380 Novem
568 350 795 376 numerantur
812 337 847 371 in
864 339 936 382 ejus
954 339 1104 372 nummis
1123 365 1130 378 ‚
1149 349 1297 386 quarum
1314 337 1440 373 ultima
1464 352 1493 375 ae
1521 340 1565 375 ue
1585 339 1789 375 inscribitur

401 390 731 430 LIBERALITAS
765 385 881 423 AVG.
903 386 1024 422 VIIII.
1056 387 1163 422 COS.
1186 387 1273 422 1111.
1301 389 1333 422 ὃς
1355 387 1512 424 cONG.
1534 389 1649 424 AVG.
1666 389 1791 426 VIIII.

402 443 509 480 COS.
536 440 622 476 [HI.
650 439 688 474 id
707 437 754 475 est
767 464 775 479 ‚
791 440 986 481 congiarium
1005 437 1140 484 Augusti
1162 449 1278 470 nonum
1291 463 1300 479 ,
1332 438 1462 482 consulis
1492 440 1650 485 quartum.
1676 438 1719 473 In
1735 439 1790 474 his

405 489 600 541 congiariis
634 489 708 525 dati
735 485 871 524 denarii
900 485 1110 536 offlngeni,
1142 486 1277 521 Gallicae
1313 498 1441 522 monera:
1480 489 1569 523 librae
1606 491 1694 525 622.
1720 487 1790 525 Ms.
1813 512 1821 516 κ

409 540 624 580 Vindobon.

458 640 488 678 L
499 640 535 677 U
548 640 580 676 C
592 639 609 675 1
621 639 657 675 U
671 639 692 673 S
733 636 842 673 VER
853 637 890 673 U
903 636 923 672 S
937 663 946 679 ,
981 648 1087 686 quern
1113 635 1162 671 M.
1193 635 1361 673 Aurelius
1377 635 1583 673 Antoninus
1603 663 1612 679 ‚
1645 634 1794 691 egregio

404 691 539 741 magis,
567 691 671 739 quam
697 687 868 723 laudabili
896 686 1083 735 exemplo,
1107 685 1248 734 imperii
1267 687 1404 723 socium
1421 687 1553 723 fecerat
1570 713 1578 728 ,
1608 697 1794 735 conglaria

409 742 509 779 dedit
539 738 703 775 denarios
724 737 991 786 quadringenos
1014 764 1025 780 ,
1055 737 1190 770 Gallzcae
1215 750 1343 772 monerae
1375 738 1470 772 libras
1503 748 1587 784 311.
1615 735 1682 770 Ms.
1709 735 1795 770 Vin-

407 792 548 828 dobon.
578 789 621 824 In
640 787 791 823 nummis
817 798 971 835 quatuor
995 784 1181 834 congiaria
1203 798 1223 821 a
1247 787 1365 822 Lucio
1378 787 1476 823 Vero
1495 786 1576 822 data
1594 797 1796 821 memoran-

406 853 475 878 tur.
513 839 663 875 Lucium
698 837 783 873 vero
812 849 852 872 ea
878 836 1008 872 dedisse
1035 849 1115 871 cum
1143 836 1193 870 M.
1226 836 1375 873 Aurelio
1402 836 1594 872 Antonino
1628 834 1798 871 testantur

411 890 593 938 Utriusque
611 887 841 935 Imperatoris
852 885 999 921 nummi.
1020 887 1063 921 In
1076 898 1224 922 nummo
1241 887 1336 922 enim
1352 885 1452 921 Lucii
1468 887 1572 928 Veri,
1589 885 1676 921 cuso
1688 883 1799 920 Urbis

414 940 573 978 conditae
589 949 685 973 anno
715 948 906 972 DccccxIv
927 963 936 979 ‚
971 935 1062 971 LIB.
1082 934 1445 972 AVGVSTORVM.
1473 935 1510 971 id
1526 935 1573 971 est
1592 963 1601 978 ‚
1623 936 1800 970 lileralttas

411 990 640 1037 Augustorum.
664 985 838 1022 Nummus
865 998 1010 1035 quoque
1037 985 1088 1019 Μ.
1121 985 1260 1021 Aurelii
1288 985 1468 1021 Antonini
1500 985 1601 1020 cusus
1628 983 1676 1020 est
1701 996 1800 1020 anno

412 1039 522 1076 Urbis
557 1036 714 1073 conditae
740 1047 927 1071 Dccccxxr
953 1061 962 1076 ,
1002 1033 1159 1070 CONG.
1190 1035 1308 1070 AVG.
1338 1036 1426 1070 IIII.
1469 1035 1506 1070 in
1538 1037 1635 1081 cujus
1664 1033 1801 1082 postica.

413 1101 514 1138 parte
530 1088 603 1123 duo
620 1086 857 1134 Imperatores
872 1098 890 1120 e
903 1083 1067 1133 suggesto
1085 1084 1311 1132 congiarium
1335 1085 1421 1120 dant
1442 1084 1595 1132 populo.
1621 1084 1716 1120 Vide
1741 1083 1798 1120 CI.

414 1137 575 1177 Vaillant
587 1165 596 1180 ‚
612 1135 685 1171 loc.
704 1135 764 1170 cit.
786 1147 868 1183 pag.
895 1137 983 1181 246.
996 1136 1029 1169 ὃς
1046 1132 1277 1169 Harduinum
1297 1161 1308 1178 ‚
1327 1134 1415 1172 ibid.
1429 1146 1510 1183 pag.
1528 1147 1604 1181 777
1623 1137 1656 1169 δε
1673 1135 1764 1181 781.

469 1236 522 1272 M.
554 1232 846 1271 AURELIUS
882 1232 1245 1269 ANTONINUS
1276 1261 1286 1277 ‚
1322 1244 1363 1269 ut
1395 1246 1519 1269 omnes
1538 1232 1720 1280 Principes
1748 1231 1804 1268 sa-

415 1285 554 1336 pientia
570 1313 578 1328 ,
610 1284 655 1320 sic
685 1282 899 1319 liberalitate
924 1282 1024 1319 vicit.
1047 1283 1153 1318 Hanc
1175 1283 1321 1332 egregio
1349 1283 1450 1319 dono
1479 1282 1619 1319 testatus
1639 1281 1687 1318 est
1706 1294 1804 1318 anno

416 1335 527 1373 Urbis
547 1333 705 1370 conditae
720 1344 924 1368 occccvaI
938 1360 946 1375 ,
978 1332 1173 1368 tribunitiae
1194 1334 1265 1368 suae
1291 1333 1474 1381 potestatis
1501 1332 1806 1376 oecavodecim03

416 1386 464 1422 sic
488 1384 583 1421 enim
611 1382 843 1432 explicandus
873 1381 963 1417 mihi
989 1381 1131 1418 videtur
1153 1382 1327 1418 Eusebius
1348 1383 1386 1418 in
1403 1382 1578 1418 Chronic.
1610 1382 1655 1418 ad
1673 1394 1806 1417 annum

418 1447 525 1473 XVIII.
541 1437 748 1480 Imperatores
763 1434 872 1467 multis
896 1433 1000 1467 multa
1028 1432 1232 1479 largitisunt
1249 1460 1258 1476 ,
1276 1434 1488 1479 &pecuniam
1503 1461 1512 1476 ,
1534 1432 1691 1481 quaefifio
1713 1433 1806 1467 debe-

420 1487 515 1521 hatur
527 1512 536 1527 ‚
553 1486 725 1530 provinciis
740 1482 933 1517 concedentes
946 1510 955 1525 ‚
972 1482 1097 1516 tabulas
1119 1482 1293 1517 debitorum
1306 1486 1338 1516 in
1355 1484 1454 1517 medio
1468 1483 1620 1518 Romanae
1640 1482 1721 1517 urbis
1730 1481 1806 1528 foro

421 1535 543 1570 incendi
569 1534 727 1580 fecerunt.
759 1532 866 1567 Tunc
891 1531 943 1568 M.
958 1530 1169 1567 Antoninus
1191 1532 1314 1568 omnia
1330 1560 1338 1575 ,
1361 1545 1439 1582 quae
1463 1531 1507 1567 ab
1533 1532 1634 1567 annis
1654 1530 1809 1581 quadra-

419 1585 522 1634 ginta
540 1583 618 1626 sex,
643 1595 772 1630 nempe
797 1581 840 1616 ab
865 1593 961 1617 anno
989 1581 1097 1617 Urbis
1124 1582 1282 1618 conditae
1305 1582 1615 1625 DcchxxI‚fisco
1635 1581 1808 1618 &aerario

422 1634 666 1674 debebantur,
697 1631 850 1673 temnit,
877 1630 916 1668 L.
947 1631 1043 1667 Vero
1074 1631 1215 1680 imperii
1245 1635 1278 1668 &
1306 1631 1528 1668 liberalitatis
1554 1631 1668 1668 socio.
1693 1629 1809 1677 Quod

420 1696 608 1733 perperam
636 1683 733 1724 Dio,
765 1680 905 1723 LXXI,
933 1693 1014 1730 pag.
1048 1685 1124 1726 814
1143 1709 1152 1725 ‚
1183 1681 1228 1717 ad
1256 1695 1387 1717 annum
1414 1694 1628 1718 DecccxxIx
1662 1679 1808 1723 retulit,

423 1733 506 1770 cum
533 1732 629 1767 solus
653 1732 842 1779 imperaret
866 1731 1086 1766 Antoninus.
1117 1732 1263 1777 Quanta
1289 1744 1407 1768 autem
1438 1731 1600 1780 pecunice
1637 1730 1690 1765 vis
1722 1741 1810 1767 tune

425 1782 560 1820 remiss'a
578 1781 705 1824 fuerit,
721 1779 882 1816 testimari
907 1779 1023 1828 potest
1049 1794 1093 1816 ex
1112 1780 1154 1815 iis
1171 1809 1179 1824 ‚
1205 1794 1284 1830 quae
1305 1782 1407 1830 supra
1421 1781 1458 1817 in
1470 1780 1660 1822 Hadriano
1684 1778 1810 1816 retuli-

425 1845 513 1870 mus.
547 1831 719 1867 Praeterea
748 1829 957 1867 Antoninus
988 1833 1150 1878 congiaria
1179 1832 1264 1866 dedit
1287 1832 1431 1866 denarios
1453 1832 1630 1877 offingenos
1652 1833 1811 1878 quinqua-

424 1896 518 1931 genos
533 1911 540 1923 ‚
562 1880 714 1916 Gallicae
741 1891 896 1916 monetae
918 1878 1024 1914 libras
1045 1882 1116 1928 651
1134 1907 1142 1921 ‚
1171 1881 1235 1916 Ms.
1253 1880 1467 1916 Vindobon.
1505 1879 1598 1915 Htec
1620 1879 1702 1915 data
1729 1879 1812 1928 sep-

425 1944 498 1969 tem
525 1929 797 1966 liberalitatibus
815 1958 823 1972 ,
854 1929 891 1963 in
917 1941 1064 1977 quarum
1093 1929 1219 1966 ultima
1244 1930 1389 1979 largitus
1421 1930 1468 1966 est
1497 1931 1650 1965 octonos
1667 1941 1811 1971 aureos,

429 1983 565 2016 Gallicae
596 1993 724 2015 monetae
755 1981 852 2014 libras
883 1980 968 2014 168.
992 1979 1196 2028 Numquam
1228 1991 1330 2016 antea
1347 1980 1447 2015 tanta
1466 1979 1677 2015 liberalitate
1693 1978 1812 2015 dona-

429 2042 483 2067 tus
506 2031 617 2066 fuerat
644 2029 801 2078 populus
824 2030 1008 2064 Romanus
1024 2057 1032 2071 ‚
1062 2029 1146 2065 teste
1176 2029 1300 2066 Dione
1317 2057 1326 2073 ‚
1351 2029 1422 2066 loc.
1446 2029 1506 2065 cit.
1534 2030 1618 2075 Qua
1644 2030 1717 2076 ejus
1743 2027 1814 2063 ob-

429 2080 630 2117 servatione
659 2078 917 2116 demonstratur
941 2105 950 2122 ,
982 2078 1082 2128 quod
1114 2080 1195 2116 ante
1230 2079 1456 2123 monuimus,
1486 2091 1654 2116 numeros
1676 2076 1815 2115 codicis

465 2217 705 2243 ANTONINUS
732 2220 818 2243 PIUS
856 2219 913 2251 imp.
950 2226 1006 2242 ann-
1037 2227 1105 2242 xxrr.
1144 2217 1232 2242 cellum
1256 2216 1345 2249 peperit
1368 2215 1477 2248 infigiem
1498 2215 1626 2247 elephanti.
1655 2214 1754 2238 Exceffit
1776 2212 1818 2238 Al·

433 2260 466 2275 m.
478 2260 537 2275 virt.
549 2252 570 2274 d.
585 2262 680 2279 xxx-111.
694 2254 774 2285 Cong.
790 2253 854 2276 dedit
867 2263 880 2277 x
892 2262 964 2276 nccc.
982 2253 1035 2275 Hoc
1048 2254 1106 2283 imp.
1146 2253 1207 2275 tino.

433 2284 581 2309 Circcnlibus
602 2286 780 2316 Apollinaribus
802 2295 865 2317 parte
885 2288 970 2310 iterum
991 2286 1105 2309 columna
1179 2285 1337 2308 MARCUS
1355 2283 1593 2307 ANTONINUS
1605 2283 1660 2313 imp.
1671 2290 1816 2305 anmxvru.

432 2320 626 2351 tuit&oppteffit
636 2321 745 2344 homines
758 2328 830 2343 MCXI.
850 2321 949 2344 Excessit
961 2320 1043 2343 Lorio.
1146 2327 1176 2341 m.
1195 2327 1231 2342 xr.
1252 2317 1275 2340 d.
1297 2327 1366 2341 xiiii.
1385 2317 1464 2349 Cong.
1479 2316 1541 2340 dedit
1561 2326 1574 2340 x
1589 2325 1676 2340 occet.
1694 2317 1747 2340 Hoc
1759 2316 1816 2346 imp.

469 2353 565 2375 DIVU
575 2354 589 2375 S
614 2355 657 2375 Vk]
667 2354 736 2376 RUS
764 2354 820 2384 imp.
840 2362 897 2377 ann.
920 2362 966 2377 vir.
1001 2361 1033 2376 m.
1047 2361 1105 2376 VIII.
1145 2352 1301 2375 instrum-ema
1311 2351 1446 2374 debitorum
1458 2350 1504 2374 fisci
1523 2351 1547 2373 in
1562 2350 1614 2373 foro
1627 2351 1740 2374 Romano
1755 2350 1819 2375 arse<

435 2384 460 2410 d.
472 2394 519 2411 xri.
539 2387 620 2419 Cong.
642 2386 705 2413 dedit
717 2395 806 2411 xcccc.
827 2388 882 2413 Hoc
893 2388 950 2419 imp.
962 2386 1037 2413 scrofa
1048 2395 1104 2418 pot-
1146 2394 1201 2410 tunt
1211 2394 1251 2418 pet
1261 2385 1309 2410 dies
1321 2394 1385 2410 xxx.
1396 2384 1496 2408 Exceffi:
1507 2383 1635 2409 Pannonia
1645 2385 1770 2416 superiore.

1738 2437 1820 2479 Ms.
