1952 2708
361 128 454 176 456
802 115 1314 161 APPENDIX

1286 197 1295 212 1

361 196 525 237 Britanni
539 209 550 240 3
567 195 710 244 jamque
726 194 972 232 celebrabatur
988 208 1049 232 rex
1064 195 1260 246 Arviragus
1303 224 1311 233 .
1352 196 1434 233 Plus
1460 198 1580 236 adhuc
1607 200 1755 237 terroris

359 247 563 286 inferebant
582 245 678 282 Daci
691 247 882 296 ²,quorum
894 246 1089 282 amicitiam
1104 246 1243 295 priores
1258 247 1441 296 Principes
1465 249 1618 297 pecunia
1646 249 1754 286 fove-

358 309 448 334 rant.
476 297 555 334 Ubi
568 295 1041 333 exhaustumaDomitiano
1067 296 1229 331 aerarium
1254 297 1463 334 liberalitati
1489 313 1564 336 non
1588 299 1750 345 suffecit,

357 348 503 385 hostilia
527 348 693 397 ingruere
711 347 720 365 ³
738 359 751 389 3
780 345 942 395 duceque
968 346 1181 393 Diurpaneo
1201 347 1218 366 4
1231 372 1241 389 ‚
1261 359 1367 395 quem
1387 348 1610 385 Decebalum
1640 350 1648 368 ⁵
1682 362 1748 399 ap·-

356 398 563 448 pellabant,
579 407 741 444 coeptum
756 406 860 432 atrox
874 395 1020 432 bellum.
1047 394 1145 431 Inter
1164 395 1242 431 haec
1256 396 1413 431 Romani
1430 398 1590 434 nominis
1610 411 1749 448 oppro-

357 449 436 486 bria
448 476 458 492 ,
471 446 727 484 tertiodecimo
747 445 925 482 Calendas
942 445 1117 482 Octobres
1133 456 1235 481 natus
1250 445 1298 481 est
1315 446 1523 483 Antoninus
1537 447 1619 483 Pius
1630 448 1642 465 ⁶
1658 476 1667 491 ‚
1685 450 1746 485 cui

355 498 471 534 studia
489 497 629 535 virtutis
648 500 681 533 &
698 496 846 546 publica
866 495 1040 540 felicitas,
1061 494 1145 531 cum
1162 494 1318 545 imperio
1337 496 1475 547 potitus
1492 497 1540 536 est
1556 526 1567 544 ,
1596 497 1748 536 immor-

356 548 428 588 tale
453 548 561 587 decus
587 560 769 598 peperere.

719 622 858 658 ANNUS
878 619 928 657 U.
944 619 987 656 C.
1007 628 1171 657 Deccxn.
1211 621 1243 658 J.
1262 622 1299 657 C.
1329 621 1391 668 87.

408 699 625 736 Domitiano
660 697 822 747 Augusto
850 695 965 739 XIII,
992 696 1094 732 Aulo
1120 695 1271 732 Volufio
1301 696 1495 732 Saturnino
1522 697 1748 737 consulibusa

355 752 533 787 Haaenus
552 749 719 796 Princeps
743 746 910 795 seaesuper
936 746 1044 795 patris
1066 746 1252 795 fratrisque
1267 746 1389 783 laudes
1411 746 1585 783 extulerat
1603 775 1612 791 ‚
1641 748 1747 784 Grae-

355 813 481 837 eamve
506 799 702 835 vanitatem
731 807 806 833 erat
823 796 1034 833 aemulatus:
1056 808 1153 832 nunc
1178 796 1223 832 ad
1246 796 1407 833 Orientis
1430 796 1598 833 libidines
1620 797 1746 846 super-

354 850 523 899 biamque
538 847 685 884 divertit
704 860 716 891 3
743 851 777 883 δε
795 847 887 882 infra
902 846 936 882 se
951 847 1128 882 humanos
1153 845 1312 883 honores
1334 857 1428 882 ratus
1446 877 1454 890 ,
1482 846 1626 883 divinos
1651 848 1749 884 usur·

354 900 456 948 pavit
474 901 499 934 7.
520 898 620 934 Talis
647 897 862 946 arrogantiae
876 896 1021 932 initium
1036 896 1123 933 fecit
1140 927 1148 938 ,
1178 897 1260 932 cum
1282 909 1559 945 procuratorum
1597 898 1746 934 suorum

354 950 504 987 nomine
524 948 712 984 formalem
728 947 874 984 dictaret
889 946 1077 995 epistolam
1090 947 1101 965 ³
1114 973 1124 989 ,
1141 945 1184 982 iis
1199 947 1318 983 verbis
1332 961 1341 983 ς
1360 965 1379 979 (ε
1394 947 1576 983 Dominus
1591 947 1750 997 deusque

354 1018 376 1032 ω
406 999 525 1035 noster
544 998 589 1034 sle
604 998 680 1034 fieri
694 997 792 1045 jubet
804 1015 838 1033 υ.
857 996 974 1044 Quod
994 996 1110 1032 statim
1130 996 1180 1032 ita
1205 997 1456 1046 pervulgatum
1472 1023 1480 1039 ‚
1504 1008 1542 1033 ut
1556 1010 1600 1034 ne
1611 997 1749 1046 scripto

357 1049 504 1099 quidem
523 1061 564 1084 ac
578 1048 741 1084 sermone
767 1047 973 1096 cujusquam
997 1046 1098 1083 aliter
1117 1046 1368 1094 appellaretur.
1387 1048 1485 1083 Tum
1501 1047 1546 1083 ad
1567 1047 1605 1082 id
1630 1047 1750 1096 super-

354 1099 426 1135 biae
442 1097 661 1147 compositus
685 1097 732 1134 est
747 1097 993 1146 principatus:
1014 1095 1213 1145 statuasque
1230 1095 1293 1131 fibi
1316 1097 1354 1132 in
1371 1096 1561 1145 Capitolio
1584 1110 1660 1133 non
1682 1097 1748 1134 nisi

353 1162 476 1187 aureas
508 1152 541 1184 <Sc
575 1159 758 1197 argenteas
781 1147 872 1196 poni
898 1146 1054 1195 permisit
1081 1174 1091 1190 ,
1125 1158 1166 1181 ac
1186 1145 1359 1194 ponderis
1387 1146 1635 1183 certi⁹.Janos
1652 1148 1681 1164 ¹⁰
1697 1160 1749 1183 ar-

355 1199 488 1249 cusque
510 1211 592 1234 cum
615 1197 797 1247 quadrigis
811 1200 844 1233 ὃς
863 1196 1057 1246 insignibus
1071 1196 1339 1244 triumphorum
1363 1196 1483 1244 passim
1501 1209 1564 1245 per
1580 1197 1748 1247 regiones

354 1249 464 1285 Urbis
489 1248 667 1285 exstruxit.
694 1248 783 1284 Inde
812 1246 849 1282 in
870 1247 1033 1283 omnium
1057 1247 1219 1282 fortunas
1242 1247 1285 1282 eo
1311 1246 1476 1283 licentius
1501 1247 1626 1290 irruit,
1649 1247 1749 1297 quod

356 1312 508 1347 operum
525 1311 567 1334 ac
587 1311 774 1334 munerum
793 1297 957 1346 impenfis
970 1323 978 1339 ‚
1004 1299 1179 1345 auctoque
1195 1296 1379 1345 stipendio,
1406 1296 1610 1340 exhaustus,
1633 1300 1666 1333 δε
1701 1297 1748 1333 ad

353 1349 568 1385 relevandos
583 1347 770 1384 castrenses
787 1347 957 1395 sumptus¹
968 1348 976 1363 ¹
990 1347 1195 1383 inconsulte
1210 1347 1401 1395 amputatis
1412 1347 1565 1382 militum
1581 1348 1748 1390 numeris,

355 1399 559 1435 obnoxium
585 1398 619 1434 se
647 1397 803 1434 barbaris
829 1397 1137 1433 animadverteret.
1170 1396 1213 1432 In
1239 1397 1394 1444 praedam
1421 1396 1547 1433 cessere
1575 1397 1674 1433 bona
1695 1397 1750 1433 vi-

356 1462 488 1486 vorum
507 1462 549 1485 ac
572 1459 799 1484 mortuorum
824 1460 832 1483 :
858 1447 1112 1496 usquequaque
1135 1475 1145 1490 ,
1165 1447 1331 1496 quolibet
1347 1450 1380 1483 ὃς
1399 1447 1606 1483 accusatore
1625 1451 1658 1483 δε
1678 1447 1748 1483 cri-

355 1499 452 1536 mine
468 1498 768 1547 corripiebantur.
792 1497 882 1533 Satis
899 1509 973 1533 erat
993 1497 1105 1545 objici
1123 1496 1384 1546 qualecumque
1401 1497 1529 1532 factum
1543 1497 1748 1545 dictumque

355 1549 546 1586 adversum
561 1548 776 1595 majestatem
789 1547 965 1596 Principis
990 1548 1034 1584 ¹².
1056 1545 1167 1582 Nulla
1194 1546 1401 1583 testamenta
1435 1545 1556 1583 secura
1578 1574 1588 1589 ‚
1627 1547 1749 1583 nullus

356 1599 462 1635 status
479 1610 593 1636 certus
612 1600 656 1642 ¹³,
676 1598 699 1634 fi
718 1598 773 1636 vel
791 1611 881 1634 unus
893 1597 1142 1647 profiteretur,
1165 1596 1295 1632 audisse
1321 1597 1356 1633 se
1383 1610 1425 1634 ex
1446 1597 1615 1633 defuncto
1632 1625 1642 1641 ‚
1663 1596 1748 1633 cum

356 1649 496 1687 viveret
519 1677 530 1694 ,
562 1648 730 1686 heredem
765 1648 829 1684 sibi
860 1648 1036 1687 Caesarem
1063 1647 1128 1685 effe
1156 1675 1167 1693 ,
1205 1646 1421 1684 alienissimae¹
1457 1646 1746 1684 confiscabantur

379 1770 403 1800 γ’
426 1763 645 1794 ARvaGus]
671 1763 759 1796 Cujus
776 1765 883 1791 ruinam
893 1764 1033 1791 Fabricius
1106 1766 1118 1782 ⁶
1136 1763 1322 1792 Amomus
1340 1763 1441 1794 Pius]
1468 1762 1522 1794 Jul.
1539 1761 1694 1796 Capitolia.
1714 1760 1746 1788 in

358 1796 481 1830 Veiento
501 1820 508 1829 ,
538 1802 600 1827 cum
619 1799 652 1826 de
670 1798 784 1826 rhombo
804 1801 897 1827 actum
911 1799 965 1828 est,
986 1810 1033 1826 va—
1073 1798 1237 1828 Antonino,
1256 1809 1314 1832 cap.
1330 1809 1352 1826 1.

360 1834 543 1866 ticinabatur5
563 1834 629 1862 teste
642 1834 775 1866 Juvenale
791 1854 797 1864 ,
816 1834 903 1869 Satyr.
915 1833 1031 1870 1V‚x23.
1108 1841 1118 1856 ⁷
1138 1833 1350 1864 UsunpAwT]
1368 1833 1464 1861 Euseb.
1481 1834 1508 1860 in
1521 1832 1655 1860 Cluonic.

1107 1868 1116 1884 ⁸
1137 1870 1313 1896 Formam
1341 1877 1498 1896 DICTARET
1530 1875 1705 1895 EtlsrotAM
1732 1869 1744 1897 ]

1071 1904 1136 1931 Haec
1168 1907 1194 1931 δε
1215 1903 1286 1937 seqq.
1312 1904 1458 1931 Suetonius
1483 1903 1512 1930 in
1535 1901 1746 1930 Domit.XIII.

1071 1940 1203 1966 Formalis
1217 1948 1308 1966 autem
1328 1938 1428 1965 dicitur
1447 1937 1560 1971 epistola
1573 1958 1580 1967 ‚
1598 1947 1693 1971 quam,
1715 1944 1746 1963 ut

396 1977 406 1990 ²
428 1971 528 2011 DACI]
547 1971 736 2010 Daciam-unc
752 1971 778 1997 la
793 1972 993 2003 Tranmvanie,
1007 1972 1033 1998 la
1071 1974 1187 2001 formam
1206 1982 1355 2001 ceterarum
1381 1972 1553 2007 epistolarum
1575 1972 1674 2000 deinde
1694 1971 1745 2003 ob&

360 2005 469 2033 Valakae
483 2026 490 2035 ‚
515 2006 541 2032 la
556 2006 706 2033 Moldizvte.
721 2006 828 2043 Bellum
841 2006 891 2034 hoc
905 2017 920 2034 a
935 2008 1033 2034 Tacito
1070 2008 1176 2036 servare
1190 2008 1330 2036 debebant
1345 2017 1541 2041 procuratores.

361 2040 443 2079 fuisse⁴
465 2041 669 2079 diligentiffime
709 2042 887 2074 conlcriptum
923 2041 1034 2069 testatur
1106 2050 1117 2067 9
1139 2043 1297 2072 Pountms
1319 2048 1430 2074 cmm]
1453 2044 1566 2070 Suetou.
1589 2042 1657 2070 ibid.
1678 2042 1745 2069 Illas

362 2075 477 2103 Orosius
495 2076 571 2106 VII,
586 2087 626 2105 10.
653 2076 728 2104 Vide
748 2076 922 2104 Testimonia
948 2076 1034 2104 vete·
1071 2087 1164 2107 autem
1190 2078 1290 2106 statuas
1307 2078 1383 2105 fuiffe
1405 2087 1521 2106 centeno
1541 2078 1660 2112 pondere
1680 2076 1743 2104 saris

361 2120 430 2138 rum.
1072 2114 1191 2142 declarat
1203 2114 1305 2142 Statius
1317 2134 1323 2143 ,
1338 2113 1364 2140 V
1373 2114 1510 2141 Silvarum
1521 2134 1527 2143 ‚
1542 2114 1572 2143 1,
1590 2115 1648 2141 188.

585 1889 626 1913 De
636 1895 736 1913 temone
746 1886 875 1913 Britanno

394 1921 507 1949 Excidet
522 1922 688 1957 Arviragus.

380 2179 386 2185 -
398 2152 412 2185 ι.
430 2146 612 2177 ΙκῦκυΕΚι-ῑ]
633 2147 788 2181 Jornandes
803 2168 811 2177 ‚
837 2147 868 2175 de
881 2147 964 2175 Rebus
978 2149 1033 2176 Ge·
1109 2154 1133 2167 ¹⁰
1152 2149 1271 2181 JANOS]
1289 2149 1402 2176 Sueton.
1424 2150 1492 2177 ibid.
1513 2149 1576 2180 Jani
1596 2155 1673 2175 erant
1686 2145 1742 2173 for-

361 2188 425 2207 tycts
436 2200 442 2209 ‚
464 2191 522 2214 cap.
544 2190 584 2216 ¹3·
1072 2184 1164 2212 nicata
1183 2194 1265 2218 opera
1275 2205 1282 2214 ‚
1305 2193 1416 2211 arcuum
1430 2183 1516 2217 specie
1527 2205 1534 2214 ‚
1544 2183 1590 2211 sed
1600 2182 1744 2221 ampliora.

399 2221 411 2238 4
431 2215 635 2247 DruRPANto]
661 2218 774 2249 Duras,
800 2218 943 2246 Dacorum
965 2228 1010 2246 rex
1027 2239 1034 2248 ,
1109 2225 1129 2237 ¹¹
1154 2219 1354 2247 Casrar-:uszs
1374 2227 1516 2247 sumnus
1535 2223 1544 2249 ]
1575 2218 1687 2246 Sueton.
1714 2225 1744 2244 m

361 2258 475 2291 regnum
490 2250 647 2283 Diurpaneo
665 2252 759 2286 sponte
780 2255 944 2287 reliquerat,
969 2253 1034 2281 teste
1073 2254 1185 2282 Domit.
1206 2255 1277 2282 XII.

362 2285 616 2326 DlonegLXVII,
637 2292 755 2321 pag.76r
767 2308 774 2317 ,
791 2290 836 2321 qui
852 2289 964 2316 bellicas
977 2290 1034 2317 vit·
1051 2309 1054 2315 4
1109 2295 1132 2308 ¹2
1155 2290 1365 2319 MAJESTATEM
1387 2289 1545 2317 Pius-ems
1561 2292 1570 2318 ]
1599 2287 1665 2315 Haec
1680 2295 1743 2314 om-

363 2328 435 2347 tutes
449 2319 601 2353 Diurpanei
616 2322 695 2348 valde
704 2324 890 2351 commendat.
1052 2322 1055 2353 Ι
1072 2325 1119 2351 nia
1137 2324 1300 2353 Suetonius,
1317 2324 1384 2352 ibid.

400 2361 408 2378 ε
428 2354 618 2384 Damnum
635 2361 644 2386 ]
666 2356 824 2385 Decebalus
841 2359 950 2386 videtur
959 2358 1034 2388 fuisse
1110 2361 1131 2378 ¹³
1157 2359 1278 2389 STATUS
1295 2364 1436 2390 centus]
1455 2358 1529 2386 Plin.
1544 2356 1744 2392 inPancgyric.

361 2397 508 2419 commune
521 2390 630 2426 regibus
642 2391 784 2421 Dacorum
799 2402 911 2423 nomen.
1073 2394 1220 2423 XXXW.

1489 2432 1745 2474 hereditates-
