1952 2708
302 162 384 205 AD
412 162 519 203 LIB.
545 160 622 202 DE
647 161 906 202 MORIBUS
937 162 1377 208 GERMANORUM.
1462 179 1543 218 195

210 241 441 283 CHASUARI]
471 236 537 271 Ms.
553 235 671 272 Vatic.
695 237 823 283 4498,
852 238 1028 283 Chasuarii.
1057 240 1125 275 Ms.
1146 240 1262 279 Vatic.
1290 254 1305 278 1
1321 244 1410 291 518.
1437 241 1545 279 Occa-

148 290 266 338 ficarii.
288 286 364 323 ΜΠ.
384 286 499 323 Vatie.
516 288 615 323 1862
630 289 663 322 ὃς
679 299 727 332 29
736 287 786 331 64
801 312 811 328 ‚
833 286 977 330 Tasicari.

208 337 415 379 UTRAEQUE
440 341 659 382 NATIONES]
688 336 754 372 Ms.
770 335 893 372 TurIc.
912 340 1046 384 jureque
1063 339 1213 374 nationis.

208 388 467 424 MAGNIHCUM
495 390 593 433 EST]
619 386 716 423 Cod.
733 387 851 435 Kapp.
868 399 1018 433 magnum
1035 385 1087 433 est.

209 436 390 473 REFERRE
418 440 706 482 CONSENSIMUS]
737 437 793 472 Ita
824 449 948 473 omnes
964 435 1038 471 Mff.
1063 437 1176 473 Vatic.
1198 435 1335 472 Frustra
1348 435 1506 477 Pichena
1523 453 1545 479 e

157 487 291 535 scripto
319 486 414 525 libro
435 517 444 531 ,
470 500 575 538 quem
600 486 723 522 laudat
738 485 873 535 Lipsius
888 515 896 530 ‚
924 485 1129 523 emendavit
1144 513 1153 528 ‚
1178 488 1402 532 confiaevimus.

204 537 342 574 Dssuso
367 540 636 582 GERMANICO]
664 536 791 573 Mallet
806 536 1066 573 Freinshemius
1081 563 1089 577 ‚
1115 535 1235 571 Druso
1250 538 1284 571 &
1300 537 1543 580 Germanic0;

156 587 259 636 quod
274 601 350 624 non
365 590 497 638 probat
514 586 677 624 Ernestus
693 617 700 629 ‚
723 587 806 623 cum
822 587 1055 624 Germanicus
1076 586 1266 622 Oceanum
1282 613 1292 630 ,
1322 598 1398 621 non
1417 588 1540 625 curio-

153 637 253 674 fitate
269 666 278 681 ,
297 638 356 675 sed
374 639 533 675 victorici:
548 637 608 686 spe
625 664 633 680 ‚
660 638 862 675 tentaverit.

202 688 389 735 INQUIRI]
415 689 516 725 Olim
531 687 699 735 seriptum
723 687 843 732 fuisse,
865 690 1061 736 inquirenti,
1077 697 1179 737 putat
1193 684 1437 723 CLErnestus.

206 739 329 782 QUAM
348 743 487 784 selssE]
522 736 794 774 Mirandulanus
810 766 821 782 ‚
845 739 930 783 scire
949 740 1031 775 velle
1047 755 1060 780 ,-
1093 738 1209 774 minus
1233 736 1325 774 recle
1339 763 1349 779 ,
1375 746 1416 771 ut
1450 735 1543 774 bene

153 788 297 824 monuit
323 789 379 825 Cl.
402 789 570 839 Menage.

210 886 315 922 CAP.
350 886 495 924 XXXV.
526 887 571 923 IN
591 888 859 924 Occmssmm
887 890 1132 925 GERMANIAM
1159 888 1370 930 Novimus]
1411 882 1539 920 Illustr.

153 936 310 973 Huetius
327 937 384 972 vel
400 937 542 974 delebat
554 937 845 987 przrpofitionem
863 941 895 973 in
910 951 921 981 3
938 938 997 975 vel
1013 937 1244 980 emendabat,
1257 938 1423 970 movimus.
1443 933 1542 970 Ferri

153 985 271 1036 potest
294 987 439 1036 vulgata
465 987 648 1036 scriptura.

207 1037 334 1078 IDQUE
367 1050 602 1073 PRAECIPUUM
620 1041 636 1084 ]
671 1037 819 1086 Copula
829 1051 885 1086 que
905 1037 999 1074 abest
1017 1050 1036 1073 a
1054 1036 1130 1072 Mss.
1143 1035 1260 1072 Vatic.
1273 1037 1306 1070 δε
1319 1033 1543 1070 editionibus

154 1086 345 1123 veteribus.
365 1086 407 1122 ln
420 1087 486 1124 Ms.
499 1087 616 1124 Vatie.
636 1090 755 1134 1518,
780 1089 814 1123 id
827 1091 968 1134 pretium
991 1091 1128 1123 virtutis·
1140 1101 1177 1122 ac
1203 1089 1323 1122 virium
1345 1087 1540 1132 praecipuum

153 1149 389 1185 argumentum.
1544 1140 1547 1144 ¹

202 1185 424 1223 Exi-Remus
441 1200 451 1223 ε
467 1198 675 1224 PLUfflMUM
698 1198 878 1226 VIRORUM
898 1189 916 1232 ]
962 1185 1027 1223 Ms.
1049 1185 1173 1222 Turic.
1200 1187 1357 1221 exercitus
1382 1186 1544 1231 plurimus

152 1248 309 1272 istrorum„

201 1335 307 1371 CAP.
335 1336 501 1373 XXXVI.
528 1335 654 1372 INTER
684 1338 959 1380 1MP0TENTEs]
983 1335 1048 1370 Ms.
1075 1333 1201 1370 Turic.
1229 1335 1421 1379 impetentes.
1466 1331 1546 1369 Me-

152 1384 222 1421 lius
237 1416 243 1427 ,
266 1389 459 1432 impotentes.
487 1386 603 1422 Solita
620 1386 716 1423 enim
732 1386 972 1422 Bai-batorum
986 1384 1075 1421 vitia
1092 1413 1102 1429 ,
1128 1383 1280 1420 audacia
1295 1411 1305 1427 ‚
1334 1381 1515 1432 cupiditas
1530 1409 1542 1425 ,

155 1434 372 1483 impotentia
388 1462 396 1477 ,
421 1436 457 1472 id
479 1436 547 1480 est,
572 1436 715 1473 effraena
739 1436 870 1472 libido.

202 1485 366 1521 ΝοΜῐΝΑ
407 1499 626 1523 SUPEi-UORIS
653 1491 670 1532 ]
706 1487 760 1522 lta
788 1485 984 1523 Beroaldus
1014 1487 1048 1521 δε
1080 1483 1324 1520 Recentiores.
1362 1481 1418 1517 Ac
1445 1481 1539 1517 bene

153 1535 298 1584 quidem
317 1564 326 1579 ‚
351 1547 390 1571 ut
408 1548 506 1585 patet
531 1550 573 1572 ex
599 1536 837 1586 sequentibus.
864 1535 1025 1571 Viuores
1059 1535 1155 1570 enim
1175 1532 1348 1569 Cherusci
1378 1531 1467 1567 boni
1494 1543 1542 1566 εε-

154 1586 287 1634 quique
314 1586 402 1621 olim
428 1586 638 1623 dicebantur
664 1601 674 1629 3
714 1597 750 1622 at
774 1586 856 1622 vicli
882 1598 978 1621 nunc
1000 1584 1128 1620 inertes
1158 1596 1200 1619 ac
1223 1582 1317 1618 stulti
1346 1590 1537 1617 vocantur.

151 1634 330 1671 Modestia
352 1649 439 1686 ergo
468 1650 509 1672 ac
533 1636 693 1685 probitas
709 1638 860 1673 nomina
890 1634 1081 1684 superioris
1117 1634 1208 1668 sunt.
1244 1632 1285 1667 ln
1314 1631 1390 1668 Mss.
1421 1630 1538 1666 Vatic.

153 1685 249 1720 Cod.
265 1686 380 1734 kapp.
397 1691 429 1721 ὅ(
444 1687 666 1723 editionibus
689 1686 867 1723 veteribus
889 1714 897 1729 ‚
929 1688 1064 1720 nomine.
1095 1683 1163 1719 Ms.
1193 1681 1317 1717 Turio.
1339 1683 1463 1735 nomine
1483 1682 1541 1726 χι),-

147 1738 297 1780 pei-iores.
330 1735 465 1772 Frustra
479 1736 644 1774 emendat
659 1736 841 1786 Tanaquil
859 1735 971 1772 Faber
987 1763 996 1778 ‚
1012 1736 1140 1768 nomina
1158 1734 1325 1779 sequioris.
1350 1729 1515 1767 Heinsius
1529 1755 1539 1770 ,

153 1787 281 1820 nomina
291 1787 449 1833 superiori
466 1790 545 1834 sunt
559 1815 568 1831 ‚
602 1787 639 1822 id
657 1787 706 1823 est
721 1815 730 1830 ,
748 1800 768 1823 a
792 1785 1002 1836 potentiore
1019 1812 1028 1828 ‚
1050 1794 1090 1819 ut
1113 1782 1234 1818 inania
1249 1781 1420 1824 nomina,
1441 1779 1538 1828 sper-

152 1845 296 1870 nuntur.
1367 1879 1373 1884 .
1515 1877 1524 1884 .

202 1883 354 1920 TRACTI
384 1897 508 1922 RUINA
531 1890 546 1932 ]
569 1886 666 1923 Bene
692 1886 850 1923 Pichena
874 1889 907 1922 &
932 1884 1176 1921 RecentioreS.
1199 1881 1245 1918 In
1264 1879 1444 1917 veteribus
1466 1878 1543 1916 edi-

152 1931 332 1976 tionibus,
359 1937 434 1970 raaz·
449 1949 462 1976 ,-
487 1936 586 1985 quod
610 1948 729 1973 tamen
755 1936 916 1973 defendit
938 1937 1122 1972 Gruterus-

207 1982 266 2019 ET
291 1983 377 2019 Fosi
400 1987 418 2030 ]
449 1985 514 2021 Ms.
542 1986 658 2023 Vatic.
684 1987 806 2030 1862,
836 1989 872 2022 fs*
890 1986 974 2034 Fufi.

209 2081 314 2117 CAP.
341 2082 524 2120 XXXVII.
554 2085 731 2122 EUMDEM
761 2085 987 2121 GERMANJAE
1023 2093 1139 2118 31TUM
1172 2083 1189 2125 ]
1218 2079 1274 2115 Ita
1306 2078 1381 2114 ΜΠ.
1421 2075 1540 2113 Varie.

152 2130 327 2168 Arundel.
351 2133 447 2169 Cod.
475 2134 591 2182 Kapp.
621 2139 653 2170 ὃς
676 2134 850 2171 Ernestus.
877 2133 1045 2169 Placebat
1070 2142 1216 2181 quoque
1242 2127 1452 2165 Gronovio.
1470 2126 1542 2162 Pu-

155 2181 322 2218 teolanus
347 2182 479 2233 aliique
501 2184 582 2219 libri
607 2185 694 2221 editi
710 2213 720 2228 ,
737 2184 858 2231 finum.
887 2185 934 2219 At
956 2183 1016 2218 hic
1039 2194 1115 2217 non
1141 2179 1256 2228 agitur
1288 2179 1331 2216 de
1356 2178 1454 2220 snm,
1479 2176 1541 2214 sed

156 2229 200 2267 de
219 2232 348 2269 eodem
367 2233 569 2270 Germanice
587 2233 648 2270 situ
664 2249 674 2277 3
705 2246 833 2282 nempe
853 2233 888 2268 in
906 2230 1199 2282 Septemtrionali
1219 2240 1329 2277 parte.

206 2279 313 2318 LATE
344 2296 521 2320 vEsT1G1A
545 2289 561 2330 ]
592 2284 651 2320 Sic
679 2284 823 2332 quidem
847 2282 982 2330 Lipsius
1010 2286 1044 2318 ὃς
1072 2279 1306 2317 Recentiores
1332 2289 1467 2315 omnes.
1495 2276 1544 2310 At

155 2326 195 2363 in
212 2327 291 2369 Mss‘.
318 2333 435 2371 Vatic.
464 2338 498 2373 δε
536 2333 758 2373 editionibus
782 2333 987 2379 veteribus,
1017 2333 1086 2368 lata
1108 2330 1244 2379 vestigia
1257 2341 1271 2374 ;
1295 2328 1396 2379 quod
1418 2325 1544 2365 melius

158 2389 264 2428 puto.

1118 2449 1245 2504 Bbij
