1952 2708
302 135 355 171 14
521 116 570 157 c,
638 111 1077 157 CORNELII
1141 110 1448 156 TAchr

294 201 380 242 sum
406 199 508 239 inter
533 197 623 235 suos
645 208 862 236 vocantur:
895 199 935 237 ὅ(
965 194 1074 250 quod
1098 196 1229 251 primo
1256 210 1443 238 numerus
1469 195 1572 247 fuit,
1602 194 1684 249 jam

293 277 444 305 nomen
468 264 509 301 &
527 261 660 300 honor
681 259 746 299 est.
768 260 890 301 Acies
916 274 987 316 per
1010 273 1160 300 cuneos
1192 265 1201 281 ¹
1231 261 1504 316 componitur.
1528 260 1683 302 Cedere

292 326 391 367 loco
418 328 432 345 ²
448 354 462 375 ,
492 322 715 365 dummodo
735 324 865 364 rursus
886 324 1029 373 instes,
1059 321 1213 364 confilii
1239 322 1358 376 quam
1379 323 1605 365 formidinis
1627 339 1683 365 ar-

292 389 501 432 bitrantur.
527 388 710 444 Corpora
736 387 898 428 suorum
921 389 1042 429 etiam
1063 388 1105 426 in
1127 386 1256 426 dubiis
1277 385 1430 442 proeliis
1452 387 1632 428 referunt
1652 392 1682 428 ³.

292 455 465 495 Scutum
489 450 688 506 reliquisse
715 453 960 508 praecipuum
983 451 1182 505 flagitium
1203 455 1244 489 4:
1276 464 1352 491 nec
1374 463 1443 490 aut
1465 450 1585 492 sacris
1611 451 1682 492 ad-

293 516 398 567 effe,
427 529 494 557 aut
517 515 740 557 concilium
765 517 865 556 inire
893 514 1166 571 ignominioso
1190 514 1271 554 fas:
1298 512 1497 568 multique
1525 514 1682 570 supers-

292 581 388 621 tites
411 578 610 620 bellorum
625 611 638 630 ‚
664 579 869 620 infamiam
897 579 1042 634 laqueo
1065 578 1265 618 finierunt.

356 643 463 686 VII.
497 644 660 686 Rtens
689 657 739 684 ex
773 643 986 684 nobilitate

1003 658 1014 690 3
1055 642 1177 683 duces
1210 655 1262 682 ex
1289 643 1440 684 virtute
1467 645 1481 674 5
1507 640 1685 684 sumunt.

290 751 396 792 finibus
409 751 536 782 educunt.
549 752 656 792 Reliqui
675 752 744 783 domi
756 762 906 783 remanent.
918 753 968 782 Sic
989 751 1095 791 fldicii.
1112 752 1220 790 Itaque
1245 762 1340 782 MALE·
1365 751 1417 782 seu
1444 752 1562 782 malber
1585 751 1650 782 ium
1672 773 1683 788 ,

293 802 378 830 neque
393 792 564 832 agricultura
575 815 584 829 ‚
604 803 687 831 neque
699 794 769 821 rado
779 816 787 829 ‚
807 803 890 831 neque
908 793 969 830 ustis
990 798 994 828 ι
1009 791 1093 821 idem
1104 792 1142 820 est
1150 801 1183 820 ac
1196 791 1359 828 judicium.
1374 790 1546 830 Ausimppen
1574 790 1683 835 ignifi-

292 830 356 860 belli
372 832 573 861 intermittitur.
590 833 708 863 Armati
722 833 904 871 legebantur
919 832 970 862 he-

294 870 428 902 ribanno
452 895 461 908 ‚
491 871 541 901 seu
572 872 724 903 exercitus
757 871 868 902 edicto.
892 872 968 902 Inde

294 911 376 950 apud
392 921 449 941 nos
463 911 562 941 adhuc
577 920 682 942 manet
702 921 767 941 vox
788 910 968 940 Arrierehan.

335 955 343 969 ¹
369 951 433 980 PER
458 962 573 981 cun-ros
594 952 606 988 ]
633 950 780 989 Vegetius
810 951 889 988 111,
923 962 969 987 19.

293 987 406 1018 Cuneus
433 988 533 1019 dicim
562 990 703 1020 mulrirudo
729 989 849 1027 pediwm
867 1013 876 1026 ,
911 1001 969 1029 quae

288 1028 384 1066 junbia
399 1039 458 1057 cum
470 1030 530 1059 acie
540 1030 627 1066 primo
642 1029 780 1069 angustior
790 1053 798 1066 ,
818 1028 914 1058 deinde
927 1029 970 1058 la-

292 1067 348 1096 tior
380 1068 526 1105 procedit,
559 1068 589 1097 C*
616 1070 830 1107 adversariorum
861 1068 970 1098 ordines

292 1107 412 1143 rumpit.-
433 1108 496 1146 quia
515 1107 666 1144 expluribus
682 1110 709 1137 in
724 1118 805 1136 unum
819 1107 904 1136 locum
915 1108 969 1136 tela

292 1147 450 1176 mittuntur.
464 1147 557 1186 Quam
573 1158 627 1176 rem
646 1147 746 1177 milites
759 1147 902 1176 nominant
923 1157 971 1176 cz-

291 1195 341 1223 pur
367 1187 517 1222 porcinum.
545 1187 660 1224 Acies,
697 1186 737 1217 fic
767 1186 940 1226 composita
961 1210 969 1223 ,

293 1225 441 1270 trianguli
468 1226 674 1265 pyramidisve
699 1226 832 1265 speciem
858 1225 971 1256 refere-

1009 839 1058 861 cat
1088 829 1202 869 fugere.
1230 841 1323 860 MALE.
1354 841 1518 862 AVSTRAPO
1545 830 1585 861 est
1606 829 1684 868 Judi-

1009 871 1079 899 cium
1093 868 1125 898 de
1134 868 1276 908 fugitivis.
1299 869 1379 900 Vide
1394 870 1551 900 eruditum
1571 870 1687 900 Eccar-

1010 910 1085 940 dum
1102 909 1136 938 in
1153 908 1248 939 Notis
1266 909 1305 939 ad
1317 910 1436 948 Legem
1447 910 1589 940 Salicam.

1050 954 1058 976 5
1083 949 1187 979 Duces
1211 960 1251 979 ex
1275 959 1414 981 Via-rure
1436 951 1449 987 ]
1476 950 1596 988 Reges,
1616 957 1685 988 reg-

1010 999 1075 1027 n0;
1098 989 1191 1019 duces
1210 988 1296 1019 bello
1317 997 1476 1028 praeerant.
1489 990 1535 1018 Ex
1548 987 1594 1018 his
1609 988 1686 1018 Ger-

1009 1039 1175 1058 manorum
1194 1028 1323 1058 ducibus
1338 1028 1493 1068 originem
1515 1028 1596 1067 apud
1611 1027 1686 1058 Gal-

1010 1068 1057 1098 los
1069 1067 1204 1098 habuiffe
1219 1068 1353 1105 Maiores
1368 1068 1480 1098 domus
1493 1091 1502 1102 ,
1522 1067 1562 1096 les
1575 1066 1688 1095 Maires

1010 1105 1045 1134 du
1056 1106 1173 1144 Puluis,
1193 1107 1306 1137 metito
1326 1106 1416 1138 senfit
1463 1108 1484 1138 l.
1499 1107 1538 1138 de
1551 1109 1686 1141 Vertot,

1008 1144 1157 1174 Mdmoires
1183 1144 1215 1174 de
1236 1145 1406 1175 Z'Acade'mie
1459 1145 1536 1186 qyale
1558 1145 1606 1174 des
1625 1145 1687 1183 Ins·

1010 1185 1162 1221 cripzions,
1184 1186 1279 1215 Tom.
1305 1196 1334 1215 2.
1357 1196 1429 1253 pa&
1451 1190 1522 1225 627.
1543 1185 1625 1216 Vide
1650 1186 1686 1216 δε

1011 1224 1059 1254 Cl.
1077 1224 1115 1254 de
1136 1224 1356 1268 Montesquieu
1372 1248 1382 1261 ‚
1399 1264 1404 1269 ι
1422 1225 1495 1263 fhrir
1514 1224 1561 1254 des
1581 1223 1655 1253 Loix
1674 1247 1685 1261 ,

292 1265 366 1301 bat,
387 1276 472 1302 cujus
485 1276 550 1304 pars
562 1266 718 1305 angustior
733 1265 851 1296 hostem
866 1267 970 1296 versus
990 1262 1113 1302 [XXXI
1127 1287 1135 1300 ‚
1159 1275 1190 1302 4.
1214 1265 1245 1293 Sl
1269 1273 1354 1302 reges
1374 1272 1490 1295 virtute
1516 1266 1602 1304 aeque
1615 1287 1624 1299 ,
1649 1273 1686 1294 ac

292 1304 494 1343 dirigebatur.
519 1306 599 1335 Cum
616 1305 716 1343 plures
738 1313 844 1344 gentes
862 1304 896 1334 in
916 1316 970 1335 eo-

292 1344 365 1374 dem
387 1345 526 1375 exercitu
551 1345 665 1381 essent,
689 1343 811 1383 iingulae
836 1344 969 1383 propriis

293 1383 400 1413 cuneis
421 1385 694 1423 componebantur
706 1407 715 1420 ,
733 1392 767 1414 ut
778 1383 912 1414 vidimus
925 1384 968 1414 su-

293 1423 347 1461 pra
362 1423 436 1453 Hist.
450 1425 491 1453 IV
503 1448 512 1461 ‚
531 1427 576 1453 16.
589 1424 636 1454 De
651 1434 752 1454 cuneo
763 1447 771 1459 ‚
789 1433 882 1462 quem
896 1424 970 1454 Gal-

293 1462 353 1492 lice
372 1462 503 1493 dicimus
522 1462 546 1492 le
561 1463 620 1492 coin
633 1486 642 1500 ‚
666 1464 718 1492 vel
737 1462 836 1492 sordre
850 1463 946 1506 rostral
960 1488 968 1499 ‚

293 1501 368 1531 vide
386 1502 433 1532 Cl.
447 1503 486 1532 de
505 1502 617 1542 Sigrais
629 1526 638 1539 ,
659 1502 807 1531 Mdmoires
823 1501 855 1530 de
871 1502 971 1530 [Aca-

292 1539 377 1570 de‘tnie
387 1541 488 1581 Royale
502 1541 549 1570 des
558 1541 754 1581 Inscription5‚
766 1542 861 1572 Tom.
871 1543 969 1574 XXV.

292 1590 361 1620 pag.
381 1592 442 1619 440
460 1582 494 1612 ὃς
514 1581 597 1621 seqq.

332 1624 344 1638 ²
368 1622 498 1651 CEDERE
528 1633 608 1652 Loco
636 1622 651 1658 ]
679 1620 864 1660 Exemplum
895 1622 970 1652 vide

291 1657 381 1698 supra
400 1660 512 1690 Annal.
531 1661 559 1689 11
574 1685 582 1698 ‚
608 1670 651 1690 11.

333 1704 342 1724 3
368 1701 534 1729 erumr
554 1702 566 1737 ]
587 1701 665 1731 Sane
678 1707 712 1731 ut
727 1710 780 1731 eos
799 1698 904 1739 patriis
920 1698 969 1729 se-

292 1738 407 1778 pulcris
422 1739 604 1770 conderent.

332 1783 346 1801 ⁴
368 1780 556 1809 PRAEcn’uun
578 1778 825 1816 rz..zorrm.xr]1d
840 1787 969 1817 quoque

294 1815 453 1849 immerito
481 1818 619 1856 objicere
634 1818 752 1848 summa
767 1826 831 1847 erat
845 1817 969 1854 injuria.

294 1857 371 1887 Inde
393 1857 426 1887 in
449 1857 516 1896 lege
544 1857 643 1888 Salica
673 1857 738 1888 Tit.
761 1857 917 1893 XXXIII,
942 1867 969 1895 5.

294 1897 324 1926 Si
343 1897 403 1933 quis
415 1896 489 1926 homo
501 1897 637 1936 ingenuus
652 1895 706 1926 alio
725 1895 947 1932 improperaverit
960 1918 969 1931 ‚

311 1935 361 1964 uod
373 1936 569 1975 scutumsuurn
582 1936 724 1975 jaffaſjet‚
750 1935 779 1965 ἕν’
793 1934 866 1975 fugri
882 1935 971 1974 lapfits

284 1945 399 2014 ,Juiffm
421 1975 451 2004 ἓν
475 1986 529 2005 non
552 1976 669 2012 potuerit
691 1974 851 2012 adprobare.
875 1985 970 2005 MALE.

295 2024 463 2046 Avsrnaro
475 2039 483 2051 ,
507 2027 546 2046 Dc
558 2014 622 2044 den.
638 2014 866 2054 quisaciuntfhl.
889 2012 970 2051 XV,

295 2054 423 2084 Gallicae
449 2064 583 2085 monetae
608 2055 701 2085 libras
725 2058 802 2091 196,
827 2053 972 2090 culpabilis

289 2092 441 2132 judicetur.
452 2095 533 2124 Ciu-n
543 2095 581 2124 ad
592 2095 812 2132 explicandum
824 2093 970 2124 illustran-

295 2132 433 2172 dumque
458 2133 539 2163 hunc
559 2133 663 2164 Taciti
677 2134 790 2164 librum
813 2133 888 2171 saepe
906 2133 971 2163 lau-

296 2172 398 2202 danda
417 2171 452 2202 fit
470 2173 520 2203 lex
541 2173 640 2204 Salica
652 2197 660 2209 ‚
685 2173 753 2203 satis
771 2172 807 2203 fit
826 2172 876 2203 hic
895 2182 971 2210 prae-

295 2211 449 2242 monuiffe
468 2212 550 2251 apud
571 2214 730 2243 Romanos
749 2212 866 2248 semper
882 2212 970 2243 citari

296 2251 398 2290 legem
425 2251 648 2291 materiamque
674 2251 769 2291 legis;
801 2251 840 2282 fic
869 2252 971 2291 legem

296 2290 432 2321 ambitus
445 2315 453 2327 ‚
483 2291 644 2326 maiestatis
656 2316 665 2327 ‚
688 2291 845 2330 peculatus
857 2315 865 2326 ‚
886 2302 968 2330 repe-

294 2330 462 2361 tundarum
478 2331 561 2361 dici:
580 2331 661 2361 haud
683 2331 773 2362 aliter
787 2331 869 2369 apud
893 2332 972 2361 Ger-

294 2378 405 2401 manos
420 2370 509 2402 citari
520 2370 673 2410 judicium
688 2372 723 2403 ὃς
741 2370 905 2403 materiam
918 2371 972 2410 ju-

1009 1302 1178 1333 nobilitate
1209 1303 1388 1342 praestabant
1408 1326 1417 1339 ‚
1449 1302 1688 1343 imperatoriam

1010 1342 1096 1372 illam
1110 1341 1294 1382 dignitatem
1308 1342 1619 1374 obtinebant.Plures
1632 1352 1686 1372 au-

1009 1390 1072 1412 tem
1089 1393 1176 1421 reges
1193 1381 1324 1412 ducesve
1337 1383 1433 1422 vulgo
1454 1383 1488 1413 in
1506 1383 1590 1413 bella
1607 1392 1686 1412 con-

1010 1421 1197 1452 veniebant:
1213 1430 1281 1451 tum
1294 1422 1484 1460 praestantior
1495 1422 1685 1461 imperabat,

1010 1462 1043 1492 ἃ
1055 1471 1257 1492 communem
1271 1461 1306 1491 in
1326 1461 1414 1493 bello
1432 1462 1597 1492 obtinebat
1618 1471 1687 1491 ma-

1009 1501 1182 1540 gistratum,
1203 1501 1257 1540 qui
1277 1500 1382 1531 nullus
1398 1510 1462 1532 erat
1477 1501 1511 1531 in
1526 1511 1612 1539 pace.
1632 1501 1687 1530 In-

1010 1541 1048 1570 de
1063 1541 1160 1571 Julius
1179 1540 1277 1571 Caesar
1294 1540 1373 1571 Bell·
1397 1541 1479 1572 Gall.
1494 1543 1537 1571 VI
1550 1565 1559 1578 ‚
1585 1551 1635 1570 22.
1650 1539 1687 1568 Irz

1006 1590 1075 1616 pace
1093 1579 1185 1609 nullus
1204 1579 1239 1619 est
1259 1579 1406 1609 communis
1421 1580 1607 1620 magistratus.
1621 1582 1687 1609 Im-

1009 1620 1123 1658 pofitus
1152 1628 1256 1650 autern
1278 1619 1364 1650 scuto
1380 1644 1390 1657 ‚
1415 1621 1450 1652 ὃς
1474 1619 1688 1651 sustinentium

1008 1659 1144 1690 humeris
1163 1659 1302 1690 vibratus
1315 1683 1324 1695 ,
1352 1659 1415 1689 dux
1438 1659 1630 1700 eligebatur3
1652 1665 1687 1689 ut

1009 1699 1124 1729 dic‘tum
1139 1699 1179 1729 est
1190 1698 1278 1738 supra
1288 1699 1362 1728 Hist.
1375 1700 1428 1736 lv,
1436 1710 1445 1728 l
1454 1711 1481 1739 5.
1494 1699 1584 1738 Apud
1594 1697 1688 1729 belli-

1008 1739 1111 1769 cosam
1123 1747 1249 1778 gentem
1261 1738 1346 1769 idem
1356 1739 1481 1778 regibus
1494 1738 1666 1768 factitatum
1677 1759 1687 1773 ,

1009 1786 1042 1808 ut
1050 1778 1159 1808 videre
1171 1778 1212 1808 est
1223 1778 1304 1816 apud
1316 1778 1506 1818 Gregorium
1519 1779 1687 1808 Turonen-

1008 1818 1070 1848 sem
1083 1819 1130 1854 11,
1148 1828 1199 1855 40.
1212 1816 1380 1846 Plzun'enres
1394 1828 1451 1846 ram
1462 1817 1569 1855 parmis
1579 1840 1588 1854 ,
1609 1817 1689 1855 qusint

1008 1856 1118 1886 vocibus
1127 1880 1136 1893 ‚
1149 1867 1207 1886 eum
1216 1880 1224 1893 ‚
1237 1857 1482 1888 Clodovechum
1491 1881 1500 1893 ‚
1515 1856 1603 1897 clypeo
1612 1865 1688 1885 evec-

1009 1897 1190 1935 tumfizperfh
1201 1907 1291 1935 regem
1299 1896 1623 1936 constimum.Apertit1s
1636 1905 1689 1926 au-

1010 1944 1072 1966 tern
1081 1935 1211 1974 Vitiges,
1223 1936 1403 1967 Gothorum
1416 1937 1565 1975 rex,apud
1576 1935 1690 1966 Caffio-

1010 1975 1374 2012 dorum,Variarum,1ibr.
1387 1977 1425 2006 X.
1437 1977 1494 2015 Ep.
1509 1986 1556 2013 31.
1570 1973 1689 2004 Indica-

1009 2025 1070 2043 πως
1084 2025 1214 2052 parentes
1227 2014 1329 2054 nostros
1343 2015 1448 2044 Gothos
1468 2015 1542 2044 inter
1559 2013 1688 2051 procinc-

1009 2053 1098 2084 tuales
1105 2054 1217 2094 gladios·
1227 2079 1238 2092 ,
1254 2066 1325 2084 more
1340 2056 1473 2093 majorum
1483 2053 1687 2093 ‚scutofitppo-

999 2093 1056 2133 fito
1075 2118 1084 2131 ‚
1111 2094 1230 2134 regalem
1258 2094 1337 2123 nohis·
1361 2094 1462 2123 contuli
1482 2104 1496 2122 e
1507 2117 1516 2130 ‚
1539 2092 1688 2131 praestante

1010 2132 1073 2162 Deo
1085 2157 1093 2169 ‚
1113 2132 1286 2174 dignitatem.
1297 2134 1334 2163 Ut
1343 2133 1468 2162 honorem
1478 2142 1556 2162 arma
1569 2131 1688 2168 darent,

1010 2173 1053 2201 cui
1066 2172 1136 2202 bella
1148 2172 1299 2210 opinionem
1308 2181 1481 2210 pepererant.
1495 2172 1561 2202 Non
1573 2171 1687 2201 enimin

1010 2212 1143 2242 cubilibus
1163 2223 1199 2241 an
1222 2212 1306 2251 ustis,
1325 2211 1376 2250 sed
1394 2212 1422 2241 in
1441 2211 1545 2248 campis
1563 2210 1619 2240 lare?
1631 2220 1687 2247 pa-

1010 2251 1130 2281 tentibus
1141 2251 1197 2280 elec
1225 2262 1250 2280 m
1264 2261 1305 2280 me
1319 2251 1367 2291 effie
1378 2251 1529 2281 noveritis:
1549 2260 1599 2280 nec
1614 2250 1688 2279 inter

1010 2290 1209 2320 blandientium
1229 2290 1348 2320 delicata
1370 2291 1500 2330 colloquia
1513 2315 1522 2327 ,
1529 2289 1579 2328 sed
1593 2314 1602 2325 ‚
1613 2289 1686 2318 tubis

1011 2330 1310 2368 concrepantibus-‚sum
1322 2329 1462 2370 quaefitus;
1474 2340 1503 2359 ut
1517 2329 1567 2359 zali
1569 2329 1686 2366 fremitu

1011 2370 1165 2401 concitatus
1181 2369 1309 2410 desiderio
1322 2370 1435 2401 virtutis
1448 2370 1582 2411 ingenitae
1595 2378 1686 2409 regem
