1952 2708
390 130 574 171 LIBRI
619 129 867 170 OCTAVI
913 130 1288 174 ANNALIUM.
1436 146 1520 184 323

143 213 203 267 git
229 211 427 254 concione
459 216 469 232 ¹
489 240 502 260 ,
530 209 817 263 confestimque
852 211 1000 251 Urbem
1028 214 1168 267 petiit,
1198 227 1242 254 ut
1275 214 1322 255 ad
1351 212 1524 256 crudeli-

142 289 292 325 tatem,
322 275 376 314 ita
401 273 450 313 ad
476 273 677 327 ignaviam
703 287 889 329 praeceps.

205 337 328 378 XLI.
362 337 512 378 HAUD
555 335 674 376 sraela
702 335 821 376 obice
843 366 855 386 ‚
889 336 956 377 sed
984 335 1035 377 ob
1066 351 1195 377 moras
1226 339 1413 393 gravior,
1448 340 1523 379 ira-

140 415 229 440 rum
258 398 384 440 moles
407 400 449 439 in
480 399 658 439 senatum
686 400 776 440 ruit.
802 399 854 440 Et
884 402 964 454 quo
995 399 1273 442 insolentiores
1305 402 1523 457 praeterito-

92 464 116 506 5
142 478 230 503 rum
260 463 503 504 dedecorum
529 477 706 503 rumores
736 461 1014 503 metuebantur
1032 492 1045 513 ,
1078 465 1127 502 eo
1162 465 1288 503 acrius
1327 477 1522 504 certatum

141 540 187 566 ut
210 524 472 567 nobilioribus
499 526 599 566 odiis
626 524 917 580 majoribusque
947 525 1220 566 atrocitatibus
1248 525 1523 567 obruerentur.

1546 227 1662 242 =·.=——=

1547 268 1576 291 Α.
1590 268 1618 291 U.
1631 268 1663 291 C.

1567 321 1641 350 793·

1574 368 1637 392 J.C.

1581 423 1631 451 40.

142 589 242 630 Inde
268 591 382 629 minae
405 593 446 629 ὅς
467 589 621 642 questus
650 593 663 609 ²
699 605 720 625 (ε
748 602 877 645 patres
903 588 1076 629 infensos
1102 589 1278 644 Principi
1295 617 1307 639 ‚
1339 587 1421 639 ejus
1448 590 1525 629 dis·
1575 606 1579 610 ·

141 651 407 693 »criminibus
436 650 615 701 laetatos,
650 666 757 692 nunc
784 649 867 703 ejus
894 650 1029 706 gloriae
1061 651 1239 692 invidere
1268 668 1275 690 :
1304 651 1524 707 provinciis

142 716 217 754 »in
242 716 544 756 venerationem
577 730 625 755 ac
655 714 823 755 caelestes
852 714 1068 769 religiones
1095 715 1275 756 certatim
1309 728 1526 770 properan-

68 782 119 809 10
143 777 308 828 »tibuS,
335 778 375 819 se
402 794 424 818 a
448 778 585 819 senatu
614 779 765 818 meritiS
801 779 993 833 triumphi
1022 777 1241 818 honoribus
1268 777 1458 818 fraudari:
1486 789 1526 816 at

140 841 334 882 »tandem
362 841 670 882 domesticorum
693 841 865 881 hostium
888 841 1079 895 sanguine
1102 841 1208 881 suam
1235 839 1405 896 gloriam
1427 853 1528 880 rem-

141 919 251 958 »que
279 903 482 959 publicam
508 904 684 944 ulturum
708 921 751 943 ».

205 967 356 1007 XLII.
390 968 507 1008 Hffic
545 967 686 1008 Romae
722 967 836 1007 tanto
876 967 1018 1007 tristius
1058 980 1255 1022 accepta,
1298 964 1407 1019 quod
1443 964 1526 1020 ipse

142 1028 281 1086 paullo
309 1031 401 1070 ante
431 1046 452 1067 (ε
488 1045 537 1071 ne
566 1030 660 1084 quid
693 1029 742 1070 de
770 1030 845 1069 suis
873 1029 1092 1070 honoribus
1125 1043 1307 1084 ageretur
1331 1046 1376 1079 »,
1406 1029 1526 1068 etiam

69 1099 116 1139 15
145 1092 213 1133 sub
241 1094 379 1134 mortis
408 1091 527 1148 poena
555 1093 818 1134 denuntiaffet
847 1097 875 1133 ³.
902 1093 1015 1147 Quid
1037 1093 1215 1133 facerent
1242 1092 1526 1132 omitterentve

144 1154 349 1210 ambigui,
377 1157 565 1197 censuere
586 1157 814 1212 Principem
842 1156 939 1196 adiri
965 1172 986 1196 a
1014 1155 1154 1210 legatis
1180 1146 1530 1211 ampliffirnibrdi-

143 1221 230 1269 nis,
257 1220 324 1273 qui
351 1236 372 1256 (ε
399 1234 444 1260 ut
468 1233 680 1260 maturaret
703 1237 725 1255 ))
757 1232 927 1259 orarent.
954 1220 1006 1260 Iis
1034 1217 1298 1259 inclementer
1325 1218 1526 1272 exceptiS,

151 1298 174 1318 ι(
210 1283 368 1322 veniam
407 1300 428 1319 n
446 1311 459 1332 ‚
496 1282 614 1336 quam
642 1281 814 1322 maxima
842 1296 945 1323 voce
969 1281 1197 1337 respondit,
1226 1298 1247 1318 <t
1274 1281 1459 1330 veniam,
1486 1284 1528 1320 &

143 1345 243 1385 »hic
267 1360 426 1386 mecum
456 1350 474 1373 4
498 1363 519 1382 »
543 1363 550 1385 :
582 1345 769 1401 capulum
797 1343 948 1400 gladii,
977 1358 1056 1400 quo
1082 1345 1231 1384 cintius
1254 1356 1361 1393 erat,
1385 1342 1527 1383 crebro

64 1425 119 1451 20
145 1406 368 1449 verberans.
412 1407 517 1449 Exin
562 1423 754 1469 terrprem
798 1406 1065 1463 popularitate
1110 1406 1320 1448 intendens
1347 1435 1360 1456 ‚
1402 1406 1529 1446 edixit

144 1487 176 1513 1«
202 1473 346 1511 reverti
385 1471 451 1522 se,
483 1471 549 1512 sed
575 1473 620 1512 iis
653 1474 807 1513 tantum
839 1472 906 1524 qui
942 1484 1126 1528 optarent
1148 1500 1160 1521 ‚
1198 1470 1364 1524 equestri
1396 1469 1528 1509 ordini

144 1537 218 1574 2³&
247 1532 400 1589 populo
430 1551 437 1574 ε
466 1549 556 1575 nam
579 1535 617 1576 se
644 1549 773 1589 neque
798 1535 955 1584 civem,
981 1548 1108 1588 neque
1130 1534 1353 1589 principem
1374 1531 1528 1572 senatui

143 1596 344 1652 »amplius
372 1597 458 1638 fore
488 1615 495 1637 :
521 1611 655 1638 vetare
681 1599 801 1638 etiam
822 1612 870 1638 ne
893 1599 978 1651 quis
1001 1598 1201 1637 senatoria:
1228 1596 1432 1649 dignitatis
1459 1594 1528 1634 fibi

144 1673 407 1700 »occurreret
432 1678 474 1701 ».
500 1660 656 1701 Omisso
683 1659 860 1700 dilatove
891 1661 1121 1716 triumpho,
1146 1674 1269 1700 ovans
1289 1657 1435 1698 Urbem
1460 1673 1529 1697 na·-

65 1724 117 1762 25
145 1720 216 1762 tali
246 1723 316 1764 suo
346 1724 536 1779 ingressus
563 1725 615 1764 est
650 1728 693 1770 53
726 1728 792 1773 &‚
820 1737 864 1764 ut
892 1723 1015 1764 studia
1050 1721 1162 1776 vulgi
1195 1734 1376 1777 pararet,
1411 1735 1530 1760 num-

145 1799 233 1825 mos
260 1801 341 1826 non
368 1787 583 1828 mediocris
610 1787 768 1826 summa:
797 1801 820 1827 e
842 1787 998 1841 fastigio
1028 1785 1193 1826 bafilicae
1220 1783 1333 1828 Juliae
1362 1798 1430 1838 per
1458 1781 1531 1823 ali-

144 1860 244 1901 quot
272 1848 353 1889 dies
381 1850 513 1906 sparsit
542 1852 582 1890 in
607 1849 765 1906 plebem
793 1848 810 1870 ⁶
835 1867 842 1890 ε
866 1849 970 1891 haud
997 1863 1136 1904 expers
1159 1846 1433 1897 liberalitatis,
1461 1844 1532 1886 ubi

145 1910 195 1951 ad
220 1910 408 1952 saevitiam
435 1917 476 1953 &
502 1912 712 1954 libidinem
742 1911 865 1954 utilis.

189 2023 199 2037 ¹
223 2019 381 2049 Pnorucir
400 2030 556 2051 commone
572 2022 586 2057 ]
600 2022 728 2053 Sueton.
742 2021 819 2052 ibid.
859 2030 923 2058 cap.
937 2031 984 2050 21.
1004 2021 1042 2049 Et
1054 2019 1086 2048 in
1097 2018 1274 2058 fragmento
1290 2016 1402 2048 veteris
1413 2015 1531 2046 Kalen-

187 2062 200 2076 ²
224 2058 316 2088 Mmffi.
339 2069 376 2088 m·
396 2061 551 2096 oues-rus]
566 2061 612 2090 De
625 2061 819 2098 quibusDio,
859 2059 936 2088 darii
959 2059 1040 2096 apud
1065 2060 1231 2088 Gruterum
1248 2081 1256 2094 ,
1291 2067 1360 2096 pag.
1393 2066 1532 2087 cxxx1v.

147 2096 232 2128 LIX.
243 2100 380 2137 pag.660.
394 2099 521 2129 Sueton.
537 2099 569 2128 in
582 2100 819 2137 Caio‚XLVIII.
860 2106 1003 2128 notatum
1016 2108 1023 2127 :
1034 2108 1120 2127 enm.
1141 2108 1209 2127 κΑι.
1221 2107 1388 2127 SEPTEMBR.
1403 2105 1533 2124 uanus

189 2141 199 2161 ³
223 2138 280 2167 Suu
303 2147 422 2168 mouns
445 2149 528 2168 razim
559 2141 818 2177 DENUNTIASSET]
861 2149 887 2168 c.
910 2147 1058 2167 eusitius
1080 2147 1264 2166 GERMAMCI.

148 2176 278 2206 Sueton.
295 2176 355 2207 loc.
368 2176 420 2206 cit.
899 2177 912 2195 ⁶
933 2177 1058 2206 SPARsxr
1094 2186 1123 2204 m
1152 2185 1274 2205 PLEBEM
1294 2174 1307 2210 ]
1338 2174 1469 2203 Sueton.
1499 2172 1532 2202 in

187 2219 203 2237 ⁴
217 2216 262 2244 Er
281 2227 331 2246 nic
354 2216 492 2254 ΜεευΜ]
524 2217 654 2247 Sueton.
671 2216 703 2248 in
719 2217 799 2248 Caio
811 2240 821 2254 ,
861 2215 938 2246 Caio
951 2239 960 2252 ‚
988 2215 1144 2245 XXXVII.
1172 2213 1235 2244 Dio
1249 2237 1257 2250 ,
1279 2213 1362 2256 LIX.
1382 2221 1451 2256 pag..
1461 2215 1532 2242 660.

151 2253 264 2284 XLIX.
860 2254 885 2283 li
907 2255 975 2285 sunt
987 2254 1056 2284 sani:
1071 2253 1210 2289 nummi,
1226 2253 1263 2283 de
1279 2252 1390 2291 quibus
1406 2259 1468 2290 agit
1478 2251 1532 2280 Ms.

194 2297 203 2318 ›·
226 2293 352 2325 ΝΑτΑιι
369 2306 426 2325 suo
451 2305 614 2326 incussus
640 2297 720 2333 EST]
750 2297 824 2325 Sue·
861 2294 962 2324 codex
975 2292 1226 2324 Vindobonenfis
1239 2316 1248 2329 ‚
1295 2301 1364 2321 uem
1379 2290 1533 2331 edidimus

154 2337 222 2360 ton.
243 2332 303 2362 loc.
326 2334 378 2365 cit.
401 2334 513 2365 Caium
535 2344 642 2365 natum
655 2335 711 2365 effe
724 2334 822 2372 pridie
861 2333 946 2371 supra
968 2343 1034 2372 pag.
1062 2342 1132 2372 235.
1154 2331 1203 2361 De
1219 2330 1331 2370 basticti
1344 2328 1421 2359 Julici
1433 2328 1534 2372 sparsit

153 2370 305 2402 Kalendas
316 2374 507 2413 Septembres
518 2374 579 2413 jam
592 2374 724 2405 diximus
737 2373 823 2413 supra
860 2381 957 2402 aureos
972 2371 1001 2402 [7⁶
1017 2380 1161 2412 argenteos
1176 2371 1204 2400 in
1217 2371 1267 2409 quci
1279 2369 1378 2407 sapinci
1395 2375 1536 2405 perierunt

1169 2429 1285 2483 ssij
