1952 2708
246 193 362 207 Ξ

244 232 275 256 A.
290 234 317 257 U.
331 234 359 258 C.

265 288 351 317 795·-

272 333 295 356 J.
307 333 335 356 C.

272 387 322 416 4²·

391 102 476 148 382
679 95 1484 152 SUPPLEMENTUM

394 194 414 213 «
433 191 452 216 a
478 188 592 230 tergo
616 176 766 217 adstans
783 206 796 228 ,
823 190 999 219 tacerem
1025 195 1071 229 >›,
1098 177 1182 230 ejus
1210 178 1464 220 insolentiam
1482 180 1642 221 retudit.

444 238 541 279 XL.
575 239 649 279 AT
679 242 915 282 memoriam
942 256 1105 282 omnem
1136 243 1236 283 vicit
1263 243 1379 283 Arria
1410 248 1449 292 ¹,
1478 243 1642 284 Caecinae
1671 243 1767 284 Paeti

378 315 491 342 uxor.
517 302 606 346 Jam
631 301 800 359 plurim&
827 303 945 345 laude
977 308 991 324 ²
1025 303 1201 354 nobilis,
1234 309 1274 345 &
1299 305 1403 360 apud
1426 305 1677 347 Messalinam
1705 322 1766 347 ac-

379 365 596 421 ceptisfima
613 395 625 416 ,
656 366 844 421 potuisset
869 368 907 408 se
933 382 955 408 a
977 369 1147 417 marito,
1174 366 1444 408 Scribonianae
1474 367 1765 420 conjurationis

375 428 516 479 socio,
549 429 779 483 segregare,
812 435 852 471 ὃ(
880 431 1068 486 superstes
1093 431 1242 470 vivere.
1264 430 1343 470 Sed
1364 429 1444 470 vita
1464 433 1584 472 morti
1610 434 1765 487 postha-
1818 439 1844 479 5

375 489 487 541 bita,
520 494 613 532 cum
639 493 764 533 Paetus
783 523 795 543 ,
832 493 969 534 occiso
994 492 1262 533 Scriboniano
1278 522 1291 542 ‚
1325 507 1471 533 navem
1498 494 1593 534 effet
1624 495 1762 536 ascen-

374 554 484 595 surus
511 568 556 595 ut
583 555 759 596 Romam
785 558 1032 606 traheretur,
1059 555 1142 611 ipsa
1166 554 1314 596 milites
1342 557 1498 606 oravit,
1526 573 1548 593 ‹<
1575 570 1618 597 ut
1647 556 1761 598 simul

373 619 678 673 »imponeretur
705 624 775 658 ³».
812 619 1053 668 «Daturi,»
1086 619 1242 672 inquit,
1278 636 1299 655 <c
1315 620 1401 659 estis
1428 618 1629 660 consulari
1641 621 1762 661 viro⁴

374 680 585 722 »servulos
607 681 758 735 aliquos
785 712 798 732 ‚
823 696 993 736 quorum
1017 696 1038 721 e
1063 697 1185 722 manu
1208 681 1342 722 cibum
1371 683 1503 738 capiat
1521 712 1534 733 ,
1572 697 1592 723 a
1618 683 1760 737 quibus

371 760 394 781 >›
405 745 612 795 vestiatur,
637 760 657 784 a
681 744 822 798 quibus
845 744 1061 791 calcietur3
1079 746 1216 785 onmia
1242 744 1308 785 vel
1330 743 1413 786 sola
1427 744 1611 801 praestabo
1632 763 1674 787 ».
1696 748 1759 788 Re
1793 762 1842 790 10

373 821 456 846 non
480 806 709 862 impetrata,
735 808 929 849 conducit
956 808 1211 864 piscatoriam
1241 806 1469 849 naviculam
1492 838 1505 860 ‚
1540 809 1760 864 ingensque

371 871 578 924 navigium
603 871 771 912 minimo
803 872 991 925 sequitur.

436 932 559 972 XLI.
592 934 713 974 Mox
728 963 740 983 ‚
766 936 856 974 cum
877 935 1053 975 Romam
1072 935 1185 975 venit
1202 964 1213 984 ‚
1241 935 1398 975 causam
1417 934 1522 990 apud
1544 933 1760 976 Claudium

375 995 502 1042 dicit3
532 1010 781 1050 uxoremque
804 997 1086 1048 Scriboniani,
1117 998 1311 1038 indicium
1341 998 1597 1053 profitentem
1628 1002 1668 1048 5,
1697 999 1760 1038 in-

372 1072 563 1113 crepans,
594 1076 615 1095 ‹<
658 1074 736 1113 ego
773 1077 795 1096 2>
820 1090 831 1110 ,
862 1062 1020 1114 inquit,
1050 1077 1072 1097 «
1098 1074 1138 1101 te
1179 1060 1335 1101 audiam
1353 1089 1366 1110 ,
1397 1059 1508 1112 cujus
1533 1063 1574 1101 in
1602 1062 1758 1115 gremio
1791 1070 1838 1111 15

371 1114 689 1162 »Scribonianus
714 1123 870 1163 occisus
892 1124 966 1173 est,
986 1127 1025 1164 ὅ(
1042 1124 1143 1164 vivis
1160 1125 1205 1162 »ἒ
1228 1123 1402 1164 Tantam
1424 1125 1546 1164 animi
1566 1124 1761 1165 ferociam

370 1184 534 1225 miratur
560 1189 600 1225 ὅ(
623 1186 739 1225 timet
761 1186 938 1227 Thrasea
967 1185 1012 1237 ⁶,
1044 1184 1128 1237 ejus
1153 1201 1303 1241 gener3
1333 1201 1494 1240 quaeque
1522 1186 1591 1226 fibi
1620 1188 1759 1228 eveni-

371 1260 460 1286 rent
486 1248 590 1300 quasi
615 1248 799 1304 praescius
815 1279 828 1299 ‚
861 1249 1097 1305 deprecatur
1127 1267 1148 1285 «
1177 1264 1226 1289 ne
1248 1251 1349 1291 mori
1377 1262 1538 1305 pergat:
1557 1248 1758 1304 filiamque

369 1309 510 1350 »suam
533 1326 624 1351 cum
651 1313 794 1352 marito
820 1317 837 1337 ⁷
853 1342 866 1362 ,
894 1313 920 1351 fi
946 1313 1014 1353 fibi
1038 1312 1284 1368 pereundum
1305 1328 1465 1366 quoque
1487 1313 1631 1363 fuerit,
1654 1314 1758 1354 mori

369 1386 524 1426 »cogat
551 1391 594 1414 22.
621 1375 765 1424 Arria,
795 1378 908 1416 tanto
937 1376 1175 1425 animosior,
1203 1377 1353 1428 quanto
1381 1375 1462 1415 filia
1491 1377 1648 1426 carior,
1678 1376 1757 1417 res·
1785 1385 1839 1412 20

369 1435 553 1489 ponder,
585 1453 607 1474 (ε
641 1437 667 1476 fi
704 1450 786 1478 tam
827 1438 894 1478 diu
930 1438 1119 1493 tantaque
1158 1435 1376 1479 concordia
1409 1439 1555 1479 vixerit
1590 1452 1756 1491 tecum,

368 1497 519 1552 »quam
547 1514 623 1554 ego
651 1515 744 1541 cum
772 1502 905 1552 Paet0‚
933 1502 1031 1542 volo
1061 1499 1075 1522 ‘⁰’
1105 1519 1148 1541 ».

431 1561 582 1602 XLII.
617 1564 796 1604 AUCTA
818 1566 898 1605 hoc
923 1565 1114 1621 responso
1140 1564 1299 1606 suorum
1324 1561 1439 1615 curii,
1465 1566 1651 1606 attentius
1675 1565 1758 1606 cus·

367 1623 533 1665 toditur.
561 1625 608 1666 Id
636 1626 783 1677 sentit,
819 1632 857 1668 ἄ
882 1630 1084 1681 queritur,
1119 1645 1141 1664 (c
1170 1643 1237 1669 eos
1261 1627 1362 1668 nihil
1384 1643 1501 1683 agere
1520 1646 1527 1667 z
1546 1628 1653 1684 poffe
1675 1630 1757 1681 qui·

368 1686 490 1727 »dem
513 1688 694 1738 efficere,
715 1703 760 1730 ut
780 1689 884 1730 male
906 1693 1120 1731 moriatur:
1141 1706 1189 1731 ne
1210 1693 1424 1741 moriatur,
1446 1707 1527 1732 non
1550 1691 1656 1746 posse
1678 1695 1694 1718 9
1712 1708 1755 1733 >›.
1782 1694 1834 1733 ²5

369 1749 468 1792 Haec
496 1752 564 1791 vix
591 1752 735 1803 effata,
776 1752 904 1794 exsilit
941 1752 1156 1801 cathedr&
1188 1754 1431 1809 adversoque
1459 1755 1599 1810 parieti
1625 1756 1756 1809 capite

408 1871 416 1884 ¹
442 1868 548 1896 ARRIA
566 1867 580 1905 ]
603 1867 674 1904 Ejus
688 1866 844 1898 historiam
859 1869 961 1907 paucis
979 1879 1041 1899 me-
1080 1876 1127 1898 tus
1139 1868 1245 1899 consul
1267 1869 1414 1900 suffetius.
1434 1870 1504 1907 Ejus
1531 1871 1615 1901 enim
1637 1881 1756 1902 nomen

369 1914 470 1934 morat
484 1906 546 1936 Dio
560 1930 568 1942 ‚
587 1906 664 1937 ibid.
680 1907 806 1937 Tacitus
822 1908 935 1937 Annal.
952 1909 1040 1944 XVI,
1081 1907 1231 1947 nusquam
1247 1909 1278 1938 in
1295 1909 1387 1940 Fastis
1402 1908 1548 1940 occurrit.

372 1953 418 1980 34.
437 1944 575 1975 Pluribus
602 1944 738 1981 Plinius,
763 1946 853 1985 Epist.
878 1948 920 1976 111
942 1970 951 1982 ‚
985 1950 1040 1983 16,
1123 1952 1131 1973 5
1155 1949 1307 1978 iunicum
1332 1951 1576 1987 PROFJTENTEM]
1600 1951 1753 1989 Conjura-

370 1992 462 2021 quam
488 1992 587 2014 totam
609 1985 768 2023 epistolam
790 1985 943 2016 edidimus
961 1985 1041 2016 inter
1081 1985 1176 2016 tionis
1190 1987 1289 2018 socios
1303 1988 1505 2018 indicantem.

368 2022 556 2053 Testimonia
569 2026 727 2054 Veterum.
1120 2027 1133 2044 ⁶
1154 2026 1331 2064 TnaAsi-n]
1353 2027 1483 2057 Thrasea
1505 2028 1601 2057 Paetus
1620 2051 1629 2063 ,
1652 2037 1752 2071 ‘quem

409 2066 420 2079 ²
445 2062 589 2092 Pronum
612 2065 744 2100 tauns]
770 2063 957 2094 Constantiae
979 2064 1041 2094 im·
1082 2065 1188 2100 Nero,
1211 2066 1358 2096 scelerum
1377 2066 1499 2097 suorum
1519 2077 1585 2097 non
1606 2067 1673 2097 satis
1689 2077 1752 2096 cer—

370 2099 475 2139 primis
489 2120 497 2134 ,
515 2112 607 2140 quam
630 2102 662 2131 in
686 2111 788 2132 morte
810 2103 866 2132 filii
885 2104 918 2133 ὃ(
939 2104 1041 2134 mariti
1082 2112 1148 2140 tus,
1168 2104 1223 2134 nisi
1247 2106 1394 2136 virtutem
1418 2105 1511 2144 ipsam
1533 2105 1723 2135 exscinderet
1741 2129 1751 2141 ‚

368 2140 483 2169 morbo
499 2140 623 2171 fortiter
636 2141 792 2180 probavit.
803 2142 882 2172 Vide
892 2142 1040 2180 Plinium,
1082 2143 1240 2174 interfecit
1263 2156 1272 2182 ;
1308 2154 1342 2175 ut
1367 2144 1433 2175 fuse
1457 2153 1611 2175 narratum
1637 2144 1751 2175 Annal.

369 2178 429 2209 loc.
445 2179 497 2208 cit.
1082 2184 1152 2212 XVI
1168 2206 1176 2216 ,
1197 2194 1231 2213 21
1260 2185 1294 2214 &
1318 2184 1401 2223 seqq.

410 2222 420 2242 3
443 2219 540 2247 Suum
563 2222 812 2257 IMPONERETUR]
827 2219 1040 2259 Haec&seqq.
1119 2227 1131 2239 ⁷
1154 2223 1230 2251 Cum
1254 2233 1378 2253 amium
1397 2224 1409 2259 ]
1434 2222 1568 2252 Thrasea
1583 2245 1591 2257 ‚
1617 2221 1669 2261 qui
1691 2224 1750 2252 Ar-

370 2255 505 2286 totidem
533 2255 630 2288 ferme
663 2259 767 2289 verbis
798 2258 914 2289 Plinius
933 2282 943 2296 ,
978 2260 1041 2290 loc.
1081 2260 1176 2291 riam,
1196 2261 1289 2291 Arriae
1307 2261 1403 2291 filiam
1422 2270 1552 2291 uxorem
1573 2261 1710 2291 duxerat.

369 2294 421 2325 cit.
1122 2299 1133 2318 S
1156 2302 1274 2337 Voto]
1297 2301 1367 2330 Haec
1385 2300 1489 2330 omnia
1499 2299 1614 2329 Plinius
1628 2299 1750 2332 loc-cit.

407 2338 422 2358 4
444 2333 626 2365 CONSULAM
652 2346 729 2368 vnto
742 2336 756 2372 ]
770 2336 883 2367 Fuerat
895 2345 968 2376 ergo
984 2338 1041 2367 Pae-
1120 2343 1132 2362 9
1155 2338 1228 2369 Nou
1251 2341 1367 2377 rossa]
1390 2338 1521 2376 Plinius,
1540 2338 1617 2370 ibid.
