1952 2708
212 225 216 229 .
262 184 358 228 AD
404 181 642 225 VITAM
675 183 779 223 CN.
813 182 1401 231 JUL;AGR1COLAE.
1462 207 1546 244 213

169 260 329 311 Augusta
343 286 352 301 ‚
378 258 567 308 imperium
586 257 765 294 Rusticum
786 267 944 307 regeret,
966 258 1205 307 Japonenses‚
1225 267 1433 303 commercii
1449 270 1554 305 causa

170 311 407 360 navigantes,
440 307 705 356 tempestatibus
737 307 877 356 abrepti
909 335 918 351 ‚
963 308 1007 344 ad
1041 321 1141 344 oram
1166 311 1306 360 imperii
1333 317 1463 353 Ruffici
1483 346 1493 362 ‚
1525 320 1554 354 le

171 359 383 396 Kamzchatka
400 389 408 401 ,
440 358 609 407 appulere
636 386 645 402 ‚
672 357 767 393 unde
797 357 1021 406 Petropolim
1044 385 1053 402 ‚
1088 361 1295 409 Petershourg
1322 389 1331 404 ,
1359 367 1445 402 missi
1466 394 1475 409 ,
1509 367 1553 404 ab

167 409 375 445 Elisabeth&
400 408 621 444 humanitate
638 408 792 443 maxima
818 407 958 456 excepti
977 411 1009 444 ὃς
1033 408 1146 444 habiti
1164 410 1254 447 sunt.
1281 413 1332 447 At
1346 414 1428 449 Indi
1444 444 1452 458 ,
1468 417 1553 452 lon-

171 459 274 509 giore
294 471 413 495 errore
429 487 438 502 ‚
463 471 538 494 non
553 457 667 493 modo
684 457 900 507 Japonenses
925 457 1055 493 insulas
1071 486 1081 502 ‚
1101 460 1130 494 le
1146 461 1245 505 Japon
1262 489 1271 504 ‚
1292 475 1462 513 oramque
1484 465 1553 501 im-

169 509 261 557 perii
293 507 423 544 Ruffiei
446 536 456 552 ‚
482 509 508 544 le
524 507 761 551 Kamtchatka,
786 507 846 544 sed
870 511 903 544 ὃς
931 507 1136 544 Orientales
1167 521 1210 545 ac
1240 511 1555 559 Septemtrionales

168 558 318 594 Siberiae
337 561 369 594 ὃς
382 558 556 606 Laponiae
572 570 650 593 oras
670 586 679 601 ,
705 559 737 593 la
754 559 872 594 Silae‘rie
884 583 893 600 ,
919 559 947 593 le
962 572 1041 606 pays
1059 559 1109 593 des
1124 559 1299 595 Samoiedes
1314 589 1323 603 ,
1344 565 1375 597 la
1391 565 1531 611 Laponie
1544 592 1554 607 ‚

172 608 399 645 circum-vesti
427 608 471 643 ad
495 607 683 644 Oceanum
698 635 707 651 ,
737 620 902 656 mareque
926 607 1117 644 Suevicum
1134 636 1143 652 ,
1169 610 1201 644 la
1217 623 1282 645 mer
1295 611 1465 660 Eamque,
1492 615 1555 651 fle-

169 671 251 695 xere
271 672 281 701 3
307 657 402 693 unde
420 670 441 692 a
467 670 548 705 rege
569 657 767 694 Suevorum
803 657 917 693 habiti
940 683 949 699 ‚
977 657 1078 694 dono
1104 658 1178 695 dati
1199 659 1279 695 sunt
1299 661 1441 706 Quinto
1471 664 1554 700 Me-

170 709 260 744 tello
280 707 422 750 Celeri,
442 707 569 742 Galliae
588 707 810 754 proconsuli.
828 707 888 743 Sic
908 707 1006 744 casus
1030 708 1139 752 fecit,
1159 709 1259 758 quod
1275 723 1294 745 a
1309 711 1451 748 Batavis
1467 712 1555 748 Rus-

169 757 280 807 sisque
304 758 434 807 magna
449 769 530 792 cum
546 756 650 793 laude
668 768 842 793 tentatum
856 786 866 801 ,
882 757 1045 793 nondum
1060 769 1177 795 tamen
1195 759 1386 808 praestitum
1407 762 1466 798 est.
1485 762 1556 798 Ta-

169 807 220 843 les
243 817 360 844 autem
387 806 483 843 casus
506 820 603 843 nunc
633 807 788 843 rarissimi
821 808 870 843 ob
904 808 1057 844 nauticae
1074 808 1124 846 rei
1141 809 1323 846 scientiam
1351 839 1360 854 ,
1399 822 1555 848 mutatos

168 869 349 893 armorum
369 857 448 893 usus
461 885 470 900 ‚
489 860 522 892 ὃς
544 857 711 905 politicas
730 857 962 906 imperiorum
985 859 1091 908 leges.
1130 859 1230 895 Olim
1248 888 1257 903 ,
1283 860 1556 898 audentioribus

169 906 327 943 barbaris
343 932 353 948 ,
380 907 580 956 frequentes
608 919 731 951 erant,
754 910 787 943 ὃς
813 919 1048 952 eventorum,
1074 921 1152 958 quae
1188 909 1300 946 hodie
1327 910 1554 948 incredibilia

170 957 337 993 videntur
352 985 360 1000 ,
387 957 529 993 feraces.
564 956 669 993 Juvat
693 970 780 1005 ergo
797 957 1005 1006 Ufipiorum
1026 959 1228 1007 exemplum
1255 961 1455 998 recentiore
1473 962 1556 999 feli-

170 1006 340 1056 cioreque
363 1006 581 1042 Francorum
603 1008 770 1056 exemplo
791 1007 1013 1044 confirmare.
1046 1008 1142 1044 Illud
1166 1009 1275 1046 habet
1299 1012 1490 1048 Eumenius
1516 1012 1554 1048 in

169 1056 393 1106 Panegyrico
408 1056 610 1093 Constantii
626 1088 633 1100 ‚
662 1070 740 1106 cap.
771 1060 829 1094 18.
855 1058 1048 1110 Recursabat
1066 1062 1175 1107 quippe
1209 1063 1242 1094 in
1268 1063 1390 1095 animos
1415 1064 1475 1097 illa
1491 1063 1554 1108 fifh

168 1107 243 1143 divo
261 1107 361 1142 Probo
383 1107 608 1154 &paucorum
642 1121 682 1142 ex
708 1109 837 1142 Francis
865 1111 1062 1154 captivorum
1098 1110 1287 1145 incredibilis
1315 1112 1449 1146 audacia
1476 1142 1484 1154 ‚
1518 1112 1554 1146 ὃ·

169 1157 304 1204 indigna
320 1157 464 1203 felicitas
480 1185 490 1200 ,
509 1159 562 1205 qui
586 1171 604 1191 a
616 1158 718 1192 Ponto
736 1159 827 1205 ufilue
843 1160 991 1204 correptis
1006 1159 1141 1193 navibus
1153 1187 1162 1202 ‚
1178 1160 1336 1194 Gra’ciam
1352 1188 1362 1204 ,
1385 1161 1554 1210 Afiamque

163 1208 336 1253 populati,
362 1219 414 1242 nec
442 1210 567 1254 impune
583 1208 740 1255 plerisque
759 1208 865 1255 Lilayae
884 1208 1028 1243 litoribus
1049 1208 1193 1256 appulsi,
1221 1210 1300 1256 ipsas
1318 1210 1472 1257 postremi)
1498 1224 1554 1246 na-

166 1257 295 1291 valibus
320 1256 475 1305 quondam
506 1258 648 1292 wittonis
680 1257 797 1291 nobiles
824 1269 967 1302 ceperant
993 1259 1183 1305 Syracusas,
1213 1259 1249 1294 θ’
1268 1261 1413 1306 immenfi)
1442 1264 1554 1296 itinere

163 1307 304 1352 pervefli
339 1306 521 1349 Oceanum,
540 1307 603 1354 quii
629 1318 730 1341 terras
753 1309 871 1351 irrupit
886 1334 895 1349 ‚
923 1310 1127 1342 intraverant
1143 1322 1155 1341 .·
1180 1319 1274 1355 atque
1304 1311 1351 1344 ita
1377 1323 1489 1345 eremit
1513 1323 1555 1346 tc-

168 1358 326 1391 meritatis
344 1355 540 1403 ostenderant
568 1356 649 1390 nihil
673 1355 727 1402 effe
744 1356 883 1402 clausum
902 1359 1045 1401 piraticae
1077 1356 1309 1403 desperationi,
1331 1362 1389 1406 qua
1413 1363 1554 1409 navigiis

162 1417 287 1454 pateret
306 1407 444 1454 acctfliis.
476 1405 570 1442 Vide
589 1409 622 1441 ὅ(
636 1404 814 1440 Zofimum
833 1433 843 1448 ,
867 1405 945 1441 libr.
962 1405 990 1441 I.
1007 1405 1044 1441 in
1060 1405 1120 1442 fin.

224 1455 355 1491 INITIO
392 1466 555 1491 AEsTATis
583 1460 605 1501 ]
649 1455 759 1490 Forte
799 1455 969 1503 scripturn
1003 1455 1092 1491 olim
1123 1459 1215 1493 initio
1242 1472 1307 1492 l'll
1331 1458 1390 1495 vel
1408 1461 1552 1506 seprimae

167 1503 314 1552 a‘stati55
339 1507 373 1541 ὃς
392 1517 556 1541 numerus
585 1504 811 1540 librariorum
840 1517 958 1541 errore
989 1504 1172 1544 exciderit.
1212 1507 1305 1543 Haec
1335 1509 1431 1543 enim
1458 1509 1554 1545 astas

167 1566 245 1590 non
271 1554 395 1591 eadem
411 1554 459 1590 est
476 1582 485 1597 ,
509 1568 587 1604 quae
604 1565 820 1590 memoratur
846 1554 948 1603 supra
976 1567 1054 1603 cap.
1070 1567 1130 1604 25.
1156 1557 1244 1592 Mox
1261 1557 1356 1592 enim
1371 1557 1461 1594 infra
1474 1571 1553 1607 cap.

170 1616 239 1652 34,
269 1607 294 1639 ii
319 1605 396 1651 sunt
422 1618 495 1652 quos
525 1607 674 1652 proximo
705 1617 807 1647 anim,
829 1617 924 1640 unam
957 1605 1107 1652 legionem
1126 1606 1220 1653 furio
1244 1609 1342 1642 noetis
1369 1610 1523 1656 aggreſjos
1541 1635 1553 1651 ,³

168 1655 305 1690 clamore
327 1654 516 1701 debellastis.

223 1754 331 1789 CAP.
362 1753 490 1791 XXIX.
517 1755 695 1793 MONTEM
725 1757 977 1803 GRAMPIUM]
1006 1757 1071 1792 Ms.
1090 1758 1208 1795 Varie.
1226 1770 1346 1806 3429,
1362 1758 1556 1804 (ἔναιιρίιυηὗ

219 1803 373 1840 HOSTES
406 1812 681 1854 INSEDERANT]
712 1807 777 1843 Ms.
799 1807 916 1844 Vatic.
936 1819 1032 1854 3429
1049 1835 1058 1850 ,
1084 1808 1176 1855 hostis
1194 1810 1358 1855 insederat.

221 1851 383 1890 NOMINE
409 1855 647 1902 CALGACUS]
693 1856 748 1892 Ita
778 1857 857 1892 Mff.
885 1856 1001 1893 Vatic.
1034 1870 1130 1905 3429
1153 1861 1185 1892 δε
1205 1859 1305 1906 4498
1333 1872 1340 1893 :
1364 1869 1431 1893 nec
1456 1857 1557 1894 aliter

169 1911 307 1939 veteres
331 1903 518 1942 editiones,
554 1905 740 1954 Perperam
765 1919 851 1955 ergo
874 1906 911 1940 in
931 1906 1192 1942 recentioribus
1211 1932 1219 1947 ,
1252 1908 1423 1954 Calgacus.
1449 1907 1557 1943 Pom-

171 1952 305 1999 ponius
326 1951 441 1989 Laetus
457 1983 466 1997 ‚
492 1955 574 1990 cum
599 1968 635 1990 in
673 1956 736 1992 suo
761 1955 952 2005 exemplari
980 1956 1136 2006 primum
1165 1955 1346 2006 scripsisset
1371 1957 1555 2005 Calgacus,

170 2001 246 2050 ipse
273 2003 476 2039 emendavit
494 2007 662 2052 Calgacus.

222 2101 328 2137 CAP.
354 2103 467 2139 XXX.
493 2104 657 2140 Pmomzs
693 2110 870 2151 PUGNAE]
910 2106 1154 2142 Freinshemio
1182 2107 1470 2156 Boxhornioque
1490 2107 1554 2142 diss

170 2150 308 2199 plicent
321 2166 436 2199 pugnae
454 2166 464 2189 z
489 2154 582 2189 hanc
597 2167 725 2190 vocem
743 2155 863 2190 omitti
883 2156 1023 2192 volunt.
1051 2156 1203 2192 Minime
1233 2167 1351 2194 tamen
1367 2157 1529 2205 displicet
1542 2184 1552 2199 ‚

170 2201 324 2236 maxime
353 2203 435 2239 cum
462 2203 618 2247 Cicero,
647 2204 820 2240 Horatius
841 2205 973 2254 aliique
1006 2206 1135 2254 optimi
1161 2206 1349 2254 scriptores
1371 2206 1552 2255 saepiffime

172 2249 328 2287 dixerint
339 2265 499 2299 pugnatas
515 2267 639 2302 pugnas
653 2281 662 2297 ,
688 2267 834 2302 pugnata
857 2256 939 2290 bella
959 2283 968 2298 ‚
986 2270 1127 2304 pugnare
1137 2270 1280 2304 pugnam
1298 2285 1308 2299 ‚
1341 2260 1407 2293 &Q

223 2301 329 2346 QurA
351 2314 575 2338 NOBILISSIMI
592 2331 621 2341 ..
639 2333 646 2340 .
667 2316 795 2345 EOQUE
822 2316 861 2339 IN
890 2317 972 2340 IPSIS
998 2317 1283 2342 PENETRALIBUS
1311 2310 1380 2342 51τί
1402 2310 1418 2351 ]
1440 2305 1552 2341 Miror

172 2347 229 2383 Cl.
246 2350 427 2387 Ernestum
449 2366 517 2400 pro
535 2354 713 2400 nobiliffimi
730 2364 865 2390 tentare
882 2355 1037 2401 noviffimi
1051 2369 1064 2397 ‚-
1080 2368 1147 2391 nec
1161 2355 1284 2391 videre
1303 2355 1554 2399 curnobiliffimi

169 2399 206 2431 in
223 2403 438 2444 penetralibus
461 2402 634 2441 habitent.
661 2403 705 2441 Id
728 2414 847 2442 tamen
871 2416 981 2455 patet.
1009 2405 1166 2455 Populi,
1188 2406 1365 2443 montium
1392 2404 1523 2440 incolae
1539 2428 1554 2450 5
