<?xml version="1.0" encoding="UTF-8"?>
<!DOCTYPE html PUBLIC "-//W3C//DTD XHTML 1.0 Transitional//EN"
    "http://www.w3.org/TR/xhtml1/DTD/xhtml1-transitional.dtd">
<html xmlns="http://www.w3.org/1999/xhtml" xml:lang="en" lang="en">
 <head>
  <title>
</title>
<meta http-equiv="Content-Type" content="text/html;charset=utf-8" />
  <meta name='ocr-system' content='tesseract 3.04.00' />
  <meta name='ocr-capabilities' content='ocr_page ocr_carea ocr_par ocr_line ocrx_word'/>
</head>
<body>
  <div class='ocr_page' id='page_1' title='image "./operabro04taciuoft_0398.png"; bbox 0 0 1952 2708; ppageno 0'>
   <div class='ocr_carea' id='block_1_1' title="bbox 225 191 337 198">
    <p class='ocr_par' dir='ltr' id='par_1_1' title="bbox 225 191 337 198">
     <span class='ocr_line' id='line_1_1' title="bbox 225 191 337 198; baseline 0 2510"><span class='ocrx_word' id='word_1_1' title='bbox 225 191 337 198; x_wconf 95' lang='lat' dir='ltr'> </span> 
     </span>
    </p>
   </div>
   <div class='ocr_carea' id='block_1_2' title="bbox 225 198 338 207">
    <p class='ocr_par' dir='ltr' id='par_1_2' title="bbox 225 198 338 207">
     <span class='ocr_line' id='line_1_2' title="bbox 225 198 338 207; baseline 0 2501"><span class='ocrx_word' id='word_1_2' title='bbox 225 198 338 207; x_wconf 95' lang='lat' dir='ltr'> </span> 
     </span>
    </p>
   </div>
   <div class='ocr_carea' id='block_1_3' title="bbox 225 207 337 214">
    <p class='ocr_par' dir='ltr' id='par_1_3' title="bbox 225 207 337 214">
     <span class='ocr_line' id='line_1_3' title="bbox 225 207 337 214; baseline 0 0"><span class='ocrx_word' id='word_1_3' title='bbox 225 207 337 214; x_wconf 95' lang='lat' dir='ltr'> </span> 
     </span>
    </p>
   </div>
   <div class='ocr_carea' id='block_1_4' title="bbox 223 231 330 256">
    <p class='ocr_par' dir='ltr' id='par_1_4' title="bbox 223 231 330 256">
     <span class='ocr_line' id='line_1_4' title="bbox 223 231 330 256; baseline -0.009 0"><span class='ocrx_word' id='word_1_4' title='bbox 223 231 330 256; x_wconf 80' lang='lat' dir='ltr'>A.U.C</span> 
     </span>
    </p>
   </div>
   <div class='ocr_carea' id='block_1_5' title="bbox 245 277 318 354">
    <p class='ocr_par' dir='ltr' id='par_1_5' title="bbox 245 277 318 354">
     <span class='ocr_line' id='line_1_5' title="bbox 245 277 318 314; baseline -0.014 -10"><span class='ocrx_word' id='word_1_5' title='bbox 245 277 318 314; x_wconf 85' lang='lat'><em>796.</em></span> 
     </span>
     <span class='ocr_line' id='line_1_6' title="bbox 249 331 311 354; baseline -0.016 0"><span class='ocrx_word' id='word_1_6' title='bbox 249 331 272 354; x_wconf 89' lang='lat' dir='ltr'>J.</span> <span class='ocrx_word' id='word_1_7' title='bbox 283 331 311 354; x_wconf 85' lang='lat' dir='ltr'>c.</span> 
     </span>
    </p>
   </div>
   <div class='ocr_carea' id='block_1_6' title="bbox 252 385 305 415">
    <p class='ocr_par' dir='ltr' id='par_1_6' title="bbox 252 385 305 415">
     <span class='ocr_line' id='line_1_7' title="bbox 252 385 305 415; baseline -0.038 0"><span class='ocrx_word' id='word_1_8' title='bbox 252 385 305 415; x_wconf 77' lang='lat'>43·</span> 
     </span>
    </p>
   </div>
   <div class='ocr_carea' id='block_1_7' title="bbox 364 97 1465 151">
    <p class='ocr_par' dir='ltr' id='par_1_7' title="bbox 364 97 1465 151">
     <span class='ocr_line' id='line_1_8' title="bbox 364 97 1465 151; baseline 0.004 -13"><span class='ocrx_word' id='word_1_9' title='bbox 364 104 455 151; x_wconf 78' lang='lat'>386</span> <span class='ocrx_word' id='word_1_10' title='bbox 657 97 1465 142; x_wconf 82' lang='lat' dir='ltr'>sUPPLEMENTUM</span> 
     </span>
    </p>
   </div>
   <div class='ocr_carea' id='block_1_8' title="bbox 333 178 1747 1626">
    <p class='ocr_par' dir='ltr' id='par_1_8' title="bbox 333 178 1747 678">
     <span class='ocr_line' id='line_1_9' title="bbox 362 178 1746 237; baseline 0.003 -18"><span class='ocrx_word' id='word_1_11' title='bbox 362 178 467 219; x_wconf 89' lang='lat' dir='ltr'>Urbe</span> <span class='ocrx_word' id='word_1_12' title='bbox 493 179 532 218; x_wconf 84' lang='lat' dir='ltr'>in</span> <span class='ocrx_word' id='word_1_13' title='bbox 573 178 788 235; x_wconf 85' lang='lat' dir='ltr'>propatulo</span> <span class='ocrx_word' id='word_1_14' title='bbox 818 179 1100 236; x_wconf 84' lang='lat' dir='ltr'>patrabantur,</span> <span class='ocrx_word' id='word_1_15' title='bbox 1131 196 1256 221; x_wconf 89' lang='lat' dir='ltr'>unum</span> <span class='ocrx_word' id='word_1_16' title='bbox 1280 181 1508 237; x_wconf 83' lang='lat' dir='ltr'>Principem</span> <span class='ocrx_word' id='word_1_17' title='bbox 1542 178 1746 233; x_wconf 71' lang='lat' dir='ltr'>laterent,</span> 
     </span>
     <span class='ocr_line' id='line_1_10' title="bbox 333 242 1746 301; baseline 0.002 -20"><span class='ocrx_word' id='word_1_18' title='bbox 333 247 340 255; x_wconf 87' lang='lat'>&#39;</span> <span class='ocrx_word' id='word_1_19' title='bbox 361 242 522 297; x_wconf 78' lang='lat' dir='ltr'>ipseque</span> <span class='ocrx_word' id='word_1_20' title='bbox 545 242 776 284; x_wconf 87' lang='lat' dir='ltr'>histrionem</span> <span class='ocrx_word' id='word_1_21' title='bbox 799 243 1067 295; x_wconf 86' lang='lat' dir='ltr'>Mnesterem,</span> <span class='ocrx_word' id='word_1_22' title='bbox 1089 244 1308 286; x_wconf 74' lang='lat' dir='ltr'>Messalinae</span> <span class='ocrx_word' id='word_1_23' title='bbox 1331 245 1481 299; x_wconf 84' lang='lat' dir='ltr'>flagitia</span> <span class='ocrx_word' id='word_1_24' title='bbox 1506 259 1718 301; x_wconf 87' lang='lat' dir='ltr'>paventem</span> <span class='ocrx_word' id='word_1_25' title='bbox 1733 275 1746 296; x_wconf 93' lang='lat'>,</span> 
     </span>
     <span class='ocr_line' id='line_1_11' title="bbox 363 303 1747 364; baseline 0.004 -22"><span class='ocrx_word' id='word_1_26' title='bbox 363 305 478 360; x_wconf 77' lang='lat' dir='ltr'>ipsius</span> <span class='ocrx_word' id='word_1_27' title='bbox 502 303 606 356; x_wconf 78' lang='lat' dir='ltr'>jussis</span> <span class='ocrx_word' id='word_1_28' title='bbox 633 306 708 347; x_wconf 85' lang='lat' dir='ltr'>effe</span> <span class='ocrx_word' id='word_1_29' title='bbox 732 306 955 347; x_wconf 83' lang='lat' dir='ltr'>obnoxium</span> <span class='ocrx_word' id='word_1_30' title='bbox 980 313 990 329; x_wconf 81' lang='lat'>¹</span> <span class='ocrx_word' id='word_1_31' title='bbox 1016 306 1184 359; x_wconf 84' lang='lat' dir='ltr'>juberet.</span> <span class='ocrx_word' id='word_1_32' title='bbox 1207 308 1337 352; x_wconf 87' lang='lat' dir='ltr'>Justus</span> <span class='ocrx_word' id='word_1_33' title='bbox 1363 309 1558 348; x_wconf 89' lang='lat' dir='ltr'>Catonius</span> <span class='ocrx_word' id='word_1_34' title='bbox 1581 312 1596 329; x_wconf 78' lang='lat'>²</span> <span class='ocrx_word' id='word_1_35' title='bbox 1612 338 1624 358; x_wconf 88' lang='lat'>,</span> <span class='ocrx_word' id='word_1_36' title='bbox 1650 324 1747 364; x_wconf 70' lang='lat' dir='ltr'>prae-</span> 
     </span>
     <span class='ocr_line' id='line_1_12' title="bbox 361 369 1746 426; baseline 0.003 -19"><span class='ocrx_word' id='word_1_37' title='bbox 361 369 552 408; x_wconf 83' lang='lat' dir='ltr'>toriarum</span> <span class='ocrx_word' id='word_1_38' title='bbox 583 370 812 410; x_wconf 85' lang='lat' dir='ltr'>cohortium</span> <span class='ocrx_word' id='word_1_39' title='bbox 841 371 1041 426; x_wconf 60' lang='lat' dir='ltr'>praefefims</span> <span class='ocrx_word' id='word_1_40' title='bbox 1057 399 1070 421; x_wconf 90' lang='lat'>,</span> <span class='ocrx_word' id='word_1_41' title='bbox 1103 373 1195 411; x_wconf 77' lang='lat' dir='ltr'>cum</span> <span class='ocrx_word' id='word_1_42' title='bbox 1224 369 1428 426; x_wconf 81' lang='lat' dir='ltr'>publicam</span> <span class='ocrx_word' id='word_1_43' title='bbox 1455 371 1746 412; x_wconf 85' lang='lat' dir='ltr'>infamiamin-</span> 
     </span>
     <span class='ocr_line' id='line_1_13' title="bbox 362 430 1744 488; baseline 0.004 -18"><span class='ocrx_word' id='word_1_44' title='bbox 362 431 470 471; x_wconf 91' lang='lat' dir='ltr'>dicio</span> <span class='ocrx_word' id='word_1_45' title='bbox 503 430 644 472; x_wconf 91' lang='lat' dir='ltr'>ulcisci</span> <span class='ocrx_word' id='word_1_46' title='bbox 677 446 831 488; x_wconf 87' lang='lat' dir='ltr'>pararet</span> <span class='ocrx_word' id='word_1_47' title='bbox 850 463 863 484; x_wconf 88' lang='lat'>,</span> <span class='ocrx_word' id='word_1_48' title='bbox 893 432 1110 474; x_wconf 76' lang='lat' dir='ltr'>Meffalinae</span> <span class='ocrx_word' id='word_1_49' title='bbox 1148 433 1274 483; x_wconf 87' lang='lat' dir='ltr'>odio,</span> <span class='ocrx_word' id='word_1_50' title='bbox 1301 432 1463 473; x_wconf 79' lang='lat' dir='ltr'>Claudii</span> <span class='ocrx_word' id='word_1_51' title='bbox 1488 432 1589 485; x_wconf 83' lang='lat' dir='ltr'>juffu</span> <span class='ocrx_word' id='word_1_52' title='bbox 1613 447 1744 475; x_wconf 87' lang='lat' dir='ltr'>morte</span> 
     </span>
     <span class='ocr_line' id='line_1_14' title="bbox 362 494 1746 546; baseline 0.002 -12"><span class='ocrx_word' id='word_1_53' title='bbox 362 494 537 535; x_wconf 54' lang='lat' dir='ltr'>adfer-stus</span> <span class='ocrx_word' id='word_1_54' title='bbox 562 496 627 536; x_wconf 90' lang='lat' dir='ltr'>est.</span> <span class='ocrx_word' id='word_1_55' title='bbox 651 495 797 537; x_wconf 86' lang='lat' dir='ltr'>Iisdem</span> <span class='ocrx_word' id='word_1_56' title='bbox 821 496 994 545; x_wconf 86' lang='lat' dir='ltr'>artibus,</span> <span class='ocrx_word' id='word_1_57' title='bbox 1023 497 1190 536; x_wconf 91' lang='lat' dir='ltr'>crimine</span> <span class='ocrx_word' id='word_1_58' title='bbox 1211 497 1393 546; x_wconf 86' lang='lat' dir='ltr'>incerto,</span> <span class='ocrx_word' id='word_1_59' title='bbox 1418 510 1494 536; x_wconf 88' lang='lat' dir='ltr'>nec</span> <span class='ocrx_word' id='word_1_60' title='bbox 1519 496 1746 537; x_wconf 75' lang='lat' dir='ltr'>defensione</span> 
     </span>
     <span class='ocr_line' id='line_1_15' title="bbox 360 555 1744 610; baseline 0.004 -14"><span class='ocrx_word' id='word_1_61' title='bbox 360 555 443 597; x_wconf 70' lang='lat' dir='ltr'>ulla</span> <span class='ocrx_word' id='word_1_62' title='bbox 464 557 579 608; x_wconf 68' lang='lat' dir='ltr'>data,</span> <span class='ocrx_word' id='word_1_63' title='bbox 608 557 721 602; x_wconf 78' lang='lat' dir='ltr'>Juliae</span> <span class='ocrx_word' id='word_1_64' title='bbox 752 564 792 610; x_wconf 81' lang='lat'>³,</span> <span class='ocrx_word' id='word_1_65' title='bbox 821 558 943 600; x_wconf 87' lang='lat' dir='ltr'>altera</span> <span class='ocrx_word' id='word_1_66' title='bbox 970 558 1114 609; x_wconf 73' lang='lat' dir='ltr'>Drusi,</span> <span class='ocrx_word' id='word_1_67' title='bbox 1144 557 1268 599; x_wconf 87' lang='lat' dir='ltr'>altera</span> <span class='ocrx_word' id='word_1_68' title='bbox 1295 560 1528 600; x_wconf 79' lang='lat' dir='ltr'>Germanici</span> <span class='ocrx_word' id='word_1_69' title='bbox 1551 558 1659 610; x_wconf 88' lang='lat' dir='ltr'>filia,</span> <span class='ocrx_word' id='word_1_70' title='bbox 1689 560 1744 601; x_wconf 90' lang='lat' dir='ltr'>D.</span> 
     </span>
     <span class='ocr_line' id='line_1_16' title="bbox 359 621 1303 678; baseline 0.001 -18"><span class='ocrx_word' id='word_1_71' title='bbox 359 621 529 675; x_wconf 84' lang='lat' dir='ltr'>Augusti</span> <span class='ocrx_word' id='word_1_72' title='bbox 557 635 801 678; x_wconf 70' lang='lat' dir='ltr'>proneptes,</span> <span class='ocrx_word' id='word_1_73' title='bbox 829 622 934 663; x_wconf 83' lang='lat' dir='ltr'>ferro</span> <span class='ocrx_word' id='word_1_74' title='bbox 960 622 1117 663; x_wconf 85' lang='lat' dir='ltr'>fameve</span> <span class='ocrx_word' id='word_1_75' title='bbox 1147 623 1303 663; x_wconf 50' lang='lat' dir='ltr'>eneeffae.</span> 
     </span>
    </p>

    <p class='ocr_par' dir='ltr' id='par_1_9' title="bbox 351 683 1744 1373">
     <span class='ocr_line' id='line_1_17' title="bbox 422 683 1744 727; baseline 0.001 -1"><span class='ocrx_word' id='word_1_76' title='bbox 422 683 594 726; x_wconf 88' lang='lat' dir='ltr'>XLIX.</span> <span class='ocrx_word' id='word_1_77' title='bbox 629 686 747 725; x_wconf 83' lang='lat' dir='ltr'>HAEC</span> <span class='ocrx_word' id='word_1_78' title='bbox 772 685 954 726; x_wconf 85' lang='lat' dir='ltr'>Caesareae</span> <span class='ocrx_word' id='word_1_79' title='bbox 976 685 1117 726; x_wconf 71' lang='lat' dir='ltr'>domus</span> <span class='ocrx_word' id='word_1_80' title='bbox 1137 685 1276 726; x_wconf 87' lang='lat' dir='ltr'>funeta</span> <span class='ocrx_word' id='word_1_81' title='bbox 1298 683 1460 726; x_wconf 81' lang='lat' dir='ltr'>Claudii</span> <span class='ocrx_word' id='word_1_82' title='bbox 1481 699 1580 727; x_wconf 87' lang='lat' dir='ltr'>nece</span> <span class='ocrx_word' id='word_1_83' title='bbox 1605 701 1744 727; x_wconf 90' lang='lat' dir='ltr'>cumu-</span> 
     </span>
     <span class='ocr_line' id='line_1_18' title="bbox 358 743 1743 805; baseline 0.004 -21"><span class='ocrx_word' id='word_1_84' title='bbox 358 743 440 787; x_wconf 86' lang='lat' dir='ltr'>lare</span> <span class='ocrx_word' id='word_1_85' title='bbox 469 746 734 788; x_wconf 80' lang='lat' dir='ltr'>meditabatur</span> <span class='ocrx_word' id='word_1_86' title='bbox 756 762 875 802; x_wconf 88' lang='lat' dir='ltr'>eques</span> <span class='ocrx_word' id='word_1_87' title='bbox 907 750 1130 790; x_wconf 84' lang='lat' dir='ltr'>Romanus.</span> <span class='ocrx_word' id='word_1_88' title='bbox 1156 747 1297 789; x_wconf 85' lang='lat' dir='ltr'>Scelus</span> <span class='ocrx_word' id='word_1_89' title='bbox 1324 749 1373 789; x_wconf 90' lang='lat' dir='ltr'>L.</span> <span class='ocrx_word' id='word_1_90' title='bbox 1400 750 1543 800; x_wconf 86' lang='lat' dir='ltr'>Otho,</span> <span class='ocrx_word' id='word_1_91' title='bbox 1570 750 1743 805; x_wconf 89' lang='lat' dir='ltr'>proden-</span> 
     </span>
     <span class='ocr_line' id='line_1_19' title="bbox 357 808 1744 867; baseline 0.004 -19"><span class='ocrx_word' id='word_1_92' title='bbox 357 808 463 850; x_wconf 87' lang='lat' dir='ltr'>tibus</span> <span class='ocrx_word' id='word_1_93' title='bbox 489 811 608 851; x_wconf 78' lang='lat' dir='ltr'>servis</span> <span class='ocrx_word' id='word_1_94' title='bbox 622 839 634 860; x_wconf 89' lang='lat'>,</span> <span class='ocrx_word' id='word_1_95' title='bbox 663 813 887 867; x_wconf 89' lang='lat' dir='ltr'>comperit,</span> <span class='ocrx_word' id='word_1_96' title='bbox 916 817 956 853; x_wconf 85' lang='lat'>&amp;</span> <span class='ocrx_word' id='word_1_97' title='bbox 980 812 1159 863; x_wconf 84' lang='lat' dir='ltr'>detexit,</span> <span class='ocrx_word' id='word_1_98' title='bbox 1188 810 1332 867; x_wconf 66' lang='lat' dir='ltr'>magna</span> <span class='ocrx_word' id='word_1_99' title='bbox 1356 813 1517 867; x_wconf 88' lang='lat' dir='ltr'>quidem</span> <span class='ocrx_word' id='word_1_100' title='bbox 1539 826 1633 853; x_wconf 86' lang='lat' dir='ltr'>cum</span> <span class='ocrx_word' id='word_1_101' title='bbox 1658 811 1744 854; x_wconf 89' lang='lat' dir='ltr'>lau-</span> 
     </span>
     <span class='ocr_line' id='line_1_20' title="bbox 357 871 1743 931; baseline 0.004 -20"><span class='ocrx_word' id='word_1_102' title='bbox 357 871 436 922; x_wconf 89' lang='lat' dir='ltr'>de,</span> <span class='ocrx_word' id='word_1_103' title='bbox 464 873 571 927; x_wconf 82' lang='lat' dir='ltr'>quod</span> <span class='ocrx_word' id='word_1_104' title='bbox 600 889 705 914; x_wconf 90' lang='lat' dir='ltr'>anno</span> <span class='ocrx_word' id='word_1_105' title='bbox 731 874 960 930; x_wconf 79' lang='lat' dir='ltr'>superiore,</span> <span class='ocrx_word' id='word_1_106' title='bbox 991 878 1051 916; x_wconf 74' lang='lat' dir='ltr'>uti</span> <span class='ocrx_word' id='word_1_107' title='bbox 1085 874 1163 928; x_wconf 82' lang='lat' dir='ltr'>jam</span> <span class='ocrx_word' id='word_1_108' title='bbox 1203 876 1374 916; x_wconf 83' lang='lat' dir='ltr'>diximus</span> <span class='ocrx_word' id='word_1_109' title='bbox 1403 880 1446 925; x_wconf 84' lang='lat'>4,</span> <span class='ocrx_word' id='word_1_110' title='bbox 1479 873 1606 930; x_wconf 66' lang='lat' dir='ltr'>gratia</span> <span class='ocrx_word' id='word_1_111' title='bbox 1639 875 1743 931; x_wconf 88' lang='lat' dir='ltr'>apud</span> 
     </span>
     <span class='ocr_line' id='line_1_21' title="bbox 355 934 1743 995; baseline 0.004 -21"><span class='ocrx_word' id='word_1_112' title='bbox 355 934 584 991; x_wconf 84' lang='lat' dir='ltr'>Principem</span> <span class='ocrx_word' id='word_1_113' title='bbox 610 937 826 978; x_wconf 82' lang='lat' dir='ltr'>exciderat.</span> <span class='ocrx_word' id='word_1_114' title='bbox 851 940 962 979; x_wconf 87' lang='lat' dir='ltr'>Reus</span> <span class='ocrx_word' id='word_1_115' title='bbox 983 955 1003 980; x_wconf 86' lang='lat' dir='ltr'>a</span> <span class='ocrx_word' id='word_1_116' title='bbox 1024 938 1192 980; x_wconf 83' lang='lat' dir='ltr'>tribunis</span> <span class='ocrx_word' id='word_1_117' title='bbox 1222 937 1349 995; x_wconf 86' lang='lat' dir='ltr'>plebis</span> <span class='ocrx_word' id='word_1_118' title='bbox 1385 943 1425 979; x_wconf 75' lang='grc' dir='ltr'>ὃ(</span> <span class='ocrx_word' id='word_1_119' title='bbox 1461 938 1691 980; x_wconf 87' lang='lat' dir='ltr'>consulibus</span> <span class='ocrx_word' id='word_1_120' title='bbox 1721 953 1743 979; x_wconf 86' lang='lat' dir='ltr'>e</span> 
     </span>
     <span class='ocr_line' id='line_1_22' title="bbox 356 997 1742 1056; baseline 0.004 -19"><span class='ocrx_word' id='word_1_121' title='bbox 356 997 525 1054; x_wconf 63' lang='lat' dir='ltr'>Tarpeia</span> <span class='ocrx_word' id='word_1_122' title='bbox 559 1015 655 1056; x_wconf 82' lang='lat' dir='ltr'>rupe</span> <span class='ocrx_word' id='word_1_123' title='bbox 686 1005 699 1032; x_wconf 87' lang='lat'>5</span> <span class='ocrx_word' id='word_1_124' title='bbox 730 1000 902 1054; x_wconf 67' lang='lat' dir='ltr'>deje&amp;us</span> <span class='ocrx_word' id='word_1_125' title='bbox 936 1003 1001 1042; x_wconf 89' lang='lat' dir='ltr'>est.</span> <span class='ocrx_word' id='word_1_126' title='bbox 1028 1003 1134 1043; x_wconf 82' lang='lat' dir='ltr'>Mox</span> <span class='ocrx_word' id='word_1_127' title='bbox 1159 1002 1208 1043; x_wconf 91' lang='lat' dir='ltr'>de</span> <span class='ocrx_word' id='word_1_128' title='bbox 1237 1002 1286 1042; x_wconf 89' lang='lat' dir='ltr'>L.</span> <span class='ocrx_word' id='word_1_129' title='bbox 1314 1003 1492 1042; x_wconf 89' lang='lat' dir='ltr'>Othonis</span> <span class='ocrx_word' id='word_1_130' title='bbox 1521 1000 1742 1042; x_wconf 86' lang='lat' dir='ltr'>honoribus</span> 
     </span>
     <span class='ocr_line' id='line_1_23' title="bbox 354 1061 1742 1120; baseline 0.003 -20"><span class='ocrx_word' id='word_1_131' title='bbox 354 1061 640 1104; x_wconf 84' lang='lat' dir='ltr'>consultatum.</span> <span class='ocrx_word' id='word_1_132' title='bbox 663 1065 832 1105; x_wconf 84' lang='lat' dir='ltr'>Senatus</span> <span class='ocrx_word' id='word_1_133' title='bbox 860 1080 954 1105; x_wconf 88' lang='lat' dir='ltr'>eum</span> <span class='ocrx_word' id='word_1_134' title='bbox 975 1065 1162 1106; x_wconf 76' lang='lat' dir='ltr'>rarissimo</span> <span class='ocrx_word' id='word_1_135' title='bbox 1183 1067 1336 1106; x_wconf 85' lang='lat' dir='ltr'>honore</span> <span class='ocrx_word' id='word_1_136' title='bbox 1349 1094 1363 1115; x_wconf 90' lang='lat'>,</span> <span class='ocrx_word' id='word_1_137' title='bbox 1384 1062 1507 1106; x_wconf 65' lang='lat' dir='ltr'>statua</span> <span class='ocrx_word' id='word_1_138' title='bbox 1528 1066 1570 1104; x_wconf 91' lang='lat' dir='ltr'>in</span> <span class='ocrx_word' id='word_1_139' title='bbox 1593 1063 1742 1120; x_wconf 88' lang='lat' dir='ltr'>palatio</span> 
     </span>
     <span class='ocr_line' id='line_1_24' title="bbox 355 1123 1742 1184; baseline 0.004 -23"><span class='ocrx_word' id='word_1_140' title='bbox 355 1123 479 1180; x_wconf 68' lang='lat' dir='ltr'>posita</span> <span class='ocrx_word' id='word_1_141' title='bbox 505 1155 517 1175; x_wconf 89' lang='lat'><em>‚</em></span> <span class='ocrx_word' id='word_1_142' title='bbox 551 1127 785 1182; x_wconf 88' lang='lat' dir='ltr'>prosecutus</span> <span class='ocrx_word' id='word_1_143' title='bbox 811 1129 863 1169; x_wconf 87' lang='lat' dir='ltr'>est</span> <span class='ocrx_word' id='word_1_144' title='bbox 892 1127 920 1169; x_wconf 83' lang='lat'>⁶.</span> <span class='ocrx_word' id='word_1_145' title='bbox 948 1127 1141 1169; x_wconf 88' lang='lat' dir='ltr'>Claudius</span> <span class='ocrx_word' id='word_1_146' title='bbox 1174 1143 1360 1182; x_wconf 86' lang='lat' dir='ltr'>quoque,</span> <span class='ocrx_word' id='word_1_147' title='bbox 1385 1141 1430 1168; x_wconf 89' lang='lat' dir='ltr'>ut</span> <span class='ocrx_word' id='word_1_148' title='bbox 1457 1128 1624 1184; x_wconf 69' lang='lat' dir='ltr'>praestito</span> <span class='ocrx_word' id='word_1_149' title='bbox 1652 1127 1742 1169; x_wconf 86' lang='lat' dir='ltr'>offi-</span> 
     </span>
     <span class='ocr_line' id='line_1_25' title="bbox 354 1188 1740 1248; baseline 0.003 -21"><span class='ocrx_word' id='word_1_150' title='bbox 354 1189 449 1238; x_wconf 76' lang='lat' dir='ltr'>cio,</span> <span class='ocrx_word' id='word_1_151' title='bbox 476 1189 531 1229; x_wconf 86' lang='lat' dir='ltr'>ita</span> <span class='ocrx_word' id='word_1_152' title='bbox 557 1188 795 1232; x_wconf 82' lang='lat' dir='ltr'>liberalitate</span> <span class='ocrx_word' id='word_1_153' title='bbox 834 1193 998 1248; x_wconf 86' lang='lat' dir='ltr'>potior,</span> <span class='ocrx_word' id='word_1_154' title='bbox 1029 1193 1242 1233; x_wconf 87' lang='lat' dir='ltr'>Othonem</span> <span class='ocrx_word' id='word_1_155' title='bbox 1269 1193 1372 1232; x_wconf 89' lang='lat' dir='ltr'>inter</span> <span class='ocrx_word' id='word_1_156' title='bbox 1400 1192 1588 1247; x_wconf 86' lang='lat' dir='ltr'>patricios</span> <span class='ocrx_word' id='word_1_157' title='bbox 1630 1189 1740 1232; x_wconf 89' lang='lat' dir='ltr'>adle-</span> 
     </span>
     <span class='ocr_line' id='line_1_26' title="bbox 352 1251 1742 1310; baseline 0.002 -20"><span class='ocrx_word' id='word_1_158' title='bbox 352 1253 440 1304; x_wconf 79' lang='lat' dir='ltr'>git3</span> <span class='ocrx_word' id='word_1_159' title='bbox 468 1251 779 1308; x_wconf 79' lang='lat' dir='ltr'>collaudansque</span> <span class='ocrx_word' id='word_1_160' title='bbox 804 1254 1045 1310; x_wconf 85' lang='lat' dir='ltr'>amplissimis</span> <span class='ocrx_word' id='word_1_161' title='bbox 1063 1254 1192 1296; x_wconf 88' lang='lat' dir='ltr'>verbis</span> <span class='ocrx_word' id='word_1_162' title='bbox 1208 1284 1222 1305; x_wconf 83' lang='lat'>,</span> <span class='ocrx_word' id='word_1_163' title='bbox 1250 1253 1409 1306; x_wconf 86' lang='lat' dir='ltr'>adjecit.</span> <span class='ocrx_word' id='word_1_164' title='bbox 1433 1272 1455 1291; x_wconf 79' lang='grc' dir='ltr'>(ε</span> <span class='ocrx_word' id='word_1_165' title='bbox 1479 1255 1609 1294; x_wconf 86' lang='lat' dir='ltr'>virum</span> <span class='ocrx_word' id='word_1_166' title='bbox 1634 1254 1742 1304; x_wconf 72' lang='lat' dir='ltr'>effe,</span> 
     </span>
     <span class='ocr_line' id='line_1_27' title="bbox 351 1315 1532 1373; baseline 0.004 -20"><span class='ocrx_word' id='word_1_167' title='bbox 351 1329 464 1368; x_wconf 82' lang='lat' dir='ltr'>»quo</span> <span class='ocrx_word' id='word_1_168' title='bbox 491 1315 675 1357; x_wconf 87' lang='lat' dir='ltr'>meliores</span> <span class='ocrx_word' id='word_1_169' title='bbox 701 1316 846 1358; x_wconf 88' lang='lat' dir='ltr'>liberos</span> <span class='ocrx_word' id='word_1_170' title='bbox 872 1317 1016 1359; x_wconf 88' lang='lat' dir='ltr'>habere</span> <span class='ocrx_word' id='word_1_171' title='bbox 1044 1332 1094 1358; x_wconf 88' lang='lat' dir='ltr'>ne</span> <span class='ocrx_word' id='word_1_172' title='bbox 1123 1331 1279 1373; x_wconf 88' lang='lat' dir='ltr'>optaret</span> <span class='ocrx_word' id='word_1_173' title='bbox 1303 1317 1464 1371; x_wconf 88' lang='lat' dir='ltr'>quidem</span> <span class='ocrx_word' id='word_1_174' title='bbox 1489 1334 1532 1358; x_wconf 71' lang='lat'>³).</span> 
     </span>
    </p>

    <p class='ocr_par' dir='ltr' id='par_1_10' title="bbox 349 1377 1738 1626">
     <span class='ocr_line' id='line_1_28' title="bbox 414 1377 1737 1437; baseline 0.002 -20"><span class='ocrx_word' id='word_1_175' title='bbox 414 1378 464 1417; x_wconf 87' lang='lat' dir='ltr'>L.</span> <span class='ocrx_word' id='word_1_176' title='bbox 497 1378 611 1418; x_wconf 59' lang='lat' dir='ltr'>TUM</span> <span class='ocrx_word' id='word_1_177' title='bbox 635 1378 769 1421; x_wconf 90' lang='lat' dir='ltr'>oblata</span> <span class='ocrx_word' id='word_1_178' title='bbox 789 1381 951 1422; x_wconf 85' lang='lat' dir='ltr'>tandem</span> <span class='ocrx_word' id='word_1_179' title='bbox 965 1411 979 1432; x_wconf 84' lang='lat'>,</span> <span class='ocrx_word' id='word_1_180' title='bbox 1002 1396 1084 1435; x_wconf 80' lang='lat' dir='ltr'>quae</span> <span class='ocrx_word' id='word_1_181' title='bbox 1104 1395 1174 1437; x_wconf 86' lang='lat' dir='ltr'>per</span> <span class='ocrx_word' id='word_1_182' title='bbox 1194 1394 1258 1421; x_wconf 89' lang='lat' dir='ltr'>tot</span> <span class='ocrx_word' id='word_1_183' title='bbox 1281 1395 1405 1421; x_wconf 86' lang='lat' dir='ltr'>annos</span> <span class='ocrx_word' id='word_1_184' title='bbox 1427 1381 1630 1430; x_wconf 81' lang='lat' dir='ltr'>defuerat,</span> <span class='ocrx_word' id='word_1_185' title='bbox 1652 1377 1737 1420; x_wconf 92' lang='lat' dir='ltr'>bel-</span> 
     </span>
     <span class='ocr_line' id='line_1_29' title="bbox 350 1437 1738 1498; baseline 0.003 -20"><span class='ocrx_word' id='word_1_186' title='bbox 350 1437 484 1479; x_wconf 84' lang='lat' dir='ltr'>lorum</span> <span class='ocrx_word' id='word_1_187' title='bbox 509 1444 704 1483; x_wconf 87' lang='lat' dir='ltr'>materies.</span> <span class='ocrx_word' id='word_1_188' title='bbox 720 1443 884 1485; x_wconf 88' lang='lat' dir='ltr'>Bericus</span> <span class='ocrx_word' id='word_1_189' title='bbox 902 1450 916 1472; x_wconf 92' lang='lat'><strong><em>⁷</em></strong></span> <span class='ocrx_word' id='word_1_190' title='bbox 928 1474 941 1495; x_wconf 88' lang='lat'>,</span> <span class='ocrx_word' id='word_1_191' title='bbox 967 1443 1112 1498; x_wconf 84' lang='lat' dir='ltr'>aliique</span> <span class='ocrx_word' id='word_1_192' title='bbox 1137 1457 1187 1484; x_wconf 88' lang='lat' dir='ltr'>ex</span> <span class='ocrx_word' id='word_1_193' title='bbox 1201 1441 1406 1484; x_wconf 69' lang='lat' dir='ltr'>Britannia</span> <span class='ocrx_word' id='word_1_194' title='bbox 1425 1443 1476 1484; x_wconf 95' lang='lat' dir='ltr'>ob</span> <span class='ocrx_word' id='word_1_195' title='bbox 1497 1443 1738 1483; x_wconf 88' lang='lat' dir='ltr'>seditionem</span> 
     </span>
     <span class='ocr_line' id='line_1_30' title="bbox 350 1503 1738 1563; baseline 0.003 -22"><span class='ocrx_word' id='word_1_196' title='bbox 350 1503 539 1557; x_wconf 81' lang='lat' dir='ltr'>profugi,</span> <span class='ocrx_word' id='word_1_197' title='bbox 568 1504 762 1556; x_wconf 87' lang='lat' dir='ltr'>insulam,</span> <span class='ocrx_word' id='word_1_198' title='bbox 794 1523 814 1547; x_wconf 88' lang='lat' dir='ltr'>a</span> <span class='ocrx_word' id='word_1_199' title='bbox 839 1508 891 1548; x_wconf 88' lang='lat' dir='ltr'>D.</span> <span class='ocrx_word' id='word_1_200' title='bbox 920 1507 1030 1551; x_wconf 89' lang='lat' dir='ltr'>Julio</span> <span class='ocrx_word' id='word_1_201' title='bbox 1060 1506 1247 1563; x_wconf 87' lang='lat' dir='ltr'>prospere</span> <span class='ocrx_word' id='word_1_202' title='bbox 1275 1519 1498 1556; x_wconf 81' lang='lat' dir='ltr'>tentatam,</span> <span class='ocrx_word' id='word_1_203' title='bbox 1529 1521 1637 1546; x_wconf 90' lang='lat' dir='ltr'>nunc</span> <span class='ocrx_word' id='word_1_204' title='bbox 1664 1506 1738 1546; x_wconf 92' lang='lat' dir='ltr'>do-</span> 
     </span>
     <span class='ocr_line' id='line_1_31' title="bbox 349 1567 1737 1626; baseline 0.005 -23"><span class='ocrx_word' id='word_1_205' title='bbox 349 1567 520 1607; x_wconf 85' lang='lat' dir='ltr'>mesticis</span> <span class='ocrx_word' id='word_1_206' title='bbox 560 1568 857 1611; x_wconf 80' lang='lat' dir='ltr'>dissensionibus</span> <span class='ocrx_word' id='word_1_207' title='bbox 889 1575 929 1611; x_wconf 84' lang='lat'>&amp;</span> <span class='ocrx_word' id='word_1_208' title='bbox 966 1569 1172 1626; x_wconf 64' lang='lat' dir='ltr'>inexperta</span> <span class='ocrx_word' id='word_1_209' title='bbox 1215 1584 1415 1611; x_wconf 87' lang='lat' dir='ltr'>novorum</span> <span class='ocrx_word' id='word_1_210' title='bbox 1450 1584 1591 1624; x_wconf 84' lang='lat' dir='ltr'>regum</span> <span class='ocrx_word' id='word_1_211' title='bbox 1624 1581 1737 1610; x_wconf 77' lang='lat' dir='ltr'>aetate</span> 
     </span>
    </p>
   </div>
   <div class='ocr_carea' id='block_1_9' title="bbox 348 1709 1735 1753">
    <p class='ocr_par' dir='ltr' id='par_1_11' title="bbox 348 1709 1735 1753">
     <span class='ocr_line' id='line_1_32' title="bbox 348 1709 1735 1753; baseline 0.001 -13"><span class='ocrx_word' id='word_1_212' title='bbox 348 1709 482 1741; x_wconf 83' lang='lat' dir='ltr'>monstra</span> <span class='ocrx_word' id='word_1_213' title='bbox 493 1735 502 1748; x_wconf 88' lang='lat'>,</span> <span class='ocrx_word' id='word_1_214' title='bbox 525 1722 590 1750; x_wconf 80' lang='lat' dir='ltr'>quae</span> <span class='ocrx_word' id='word_1_215' title='bbox 609 1711 657 1742; x_wconf 79' lang='lat' dir='ltr'>hic</span> <span class='ocrx_word' id='word_1_216' title='bbox 675 1712 846 1744; x_wconf 74' lang='lat' dir='ltr'>exscribere</span> <span class='ocrx_word' id='word_1_217' title='bbox 872 1713 1000 1752; x_wconf 83' lang='lat' dir='ltr'>puderet</span> <span class='ocrx_word' id='word_1_218' title='bbox 1014 1736 1023 1749; x_wconf 88' lang='lat'>‚</span> <span class='ocrx_word' id='word_1_219' title='bbox 1063 1712 1219 1751; x_wconf 71' lang='lat' dir='ltr'>occidebat,</span> <span class='ocrx_word' id='word_1_220' title='bbox 1229 1714 1307 1753; x_wconf 78' lang='lat' dir='ltr'>qua&#39;m</span> <span class='ocrx_word' id='word_1_221' title='bbox 1319 1714 1398 1743; x_wconf 83' lang='lat' dir='ltr'>canis</span> <span class='ocrx_word' id='word_1_222' title='bbox 1409 1723 1472 1744; x_wconf 73' lang='lat' dir='ltr'>exta</span> <span class='ocrx_word' id='word_1_223' title='bbox 1484 1713 1565 1744; x_wconf 67' lang='lat' dir='ltr'>edit..</span> <span class='ocrx_word' id='word_1_224' title='bbox 1575 1735 1582 1742; x_wconf 90' lang='lat'>.</span> <span class='ocrx_word' id='word_1_225' title='bbox 1598 1713 1648 1753; x_wconf 77' lang='lat' dir='ltr'>Iste</span> <span class='ocrx_word' id='word_1_226' title='bbox 1659 1722 1735 1752; x_wconf 71' lang='lat' dir='ltr'>quem</span> 
     </span>
    </p>
   </div>
   <div class='ocr_carea' id='block_1_10' title="bbox 341 1752 1023 2378">
    <p class='ocr_par' dir='ltr' id='par_1_12' title="bbox 346 1752 1023 1944">
     <span class='ocr_line' id='line_1_33' title="bbox 348 1752 1023 1790; baseline 0.003 -11"><span class='ocrx_word' id='word_1_227' title='bbox 348 1759 524 1781; x_wconf 86' lang='lat' dir='ltr'>memorant</span> <span class='ocrx_word' id='word_1_228' title='bbox 543 1752 658 1782; x_wconf 88' lang='lat' dir='ltr'>Plinius</span> <span class='ocrx_word' id='word_1_229' title='bbox 678 1754 705 1782; x_wconf 89' lang='lat' dir='ltr'>X</span> <span class='ocrx_word' id='word_1_230' title='bbox 720 1776 729 1789; x_wconf 86' lang='lat'>‚</span> <span class='ocrx_word' id='word_1_231' title='bbox 744 1757 794 1790; x_wconf 86' lang='lat'>63.</span> <span class='ocrx_word' id='word_1_232' title='bbox 812 1753 846 1783; x_wconf 85' lang='lat'>&amp;</span> <span class='ocrx_word' id='word_1_233' title='bbox 865 1752 1023 1782; x_wconf 79' lang='lat' dir='ltr'>,luvenalis</span> 
     </span>
     <span class='ocr_line' id='line_1_34' title="bbox 347 1791 1022 1858; baseline 0.004 -40"><span class='ocrx_word' id='word_1_234' title='bbox 347 1791 387 1858; x_wconf 85' lang='lat' dir='ltr'>lVI</span> <span class='ocrx_word' id='word_1_235' title='bbox 397 1813 405 1826; x_wconf 94' lang='lat'>,</span> <span class='ocrx_word' id='word_1_236' title='bbox 424 1801 432 1819; x_wconf 91' lang='lat'>1</span> <span class='ocrx_word' id='word_1_237' title='bbox 444 1801 479 1833; x_wconf 49' lang='grc' dir='ltr'>ξς</span> <span class='ocrx_word' id='word_1_238' title='bbox 492 1791 525 1822; x_wconf 86' lang='lat'>&amp;</span> <span class='ocrx_word' id='word_1_239' title='bbox 536 1791 620 1830; x_wconf 85' lang='lat' dir='ltr'>seqq.</span> <span class='ocrx_word' id='word_1_240' title='bbox 633 1791 713 1823; x_wconf 88' lang='lat' dir='ltr'>Vide</span> <span class='ocrx_word' id='word_1_241' title='bbox 726 1802 853 1831; x_wconf 88' lang='lat' dir='ltr'>quoque</span> <span class='ocrx_word' id='word_1_242' title='bbox 865 1791 1003 1822; x_wconf 85' lang='lat' dir='ltr'>Dionem</span> <span class='ocrx_word' id='word_1_243' title='bbox 1014 1815 1022 1829; x_wconf 85' lang='lat'>‚</span> 
     </span>
     <span class='ocr_line' id='line_1_35' title="bbox 362 1838 481 1859; baseline -0.008 0"><span class='ocrx_word' id='word_1_244' title='bbox 362 1839 409 1859; x_wconf 88' lang='lat' dir='ltr'>oc.</span> <span class='ocrx_word' id='word_1_245' title='bbox 429 1838 481 1859; x_wconf 82' lang='lat' dir='ltr'>cit.</span> 
     </span>
     <span class='ocr_line' id='line_1_36' title="bbox 347 1869 1020 1935; baseline 0.003 -37"><span class='ocrx_word' id='word_1_246' title='bbox 347 1907 389 1935; x_wconf 39' lang='lat' dir='ltr'>XI</span> <span class='ocrx_word' id='word_1_247' title='bbox 406 1873 414 1886; x_wconf 90' lang='lat'><em>¹</em></span> <span class='ocrx_word' id='word_1_248' title='bbox 430 1869 503 1899; x_wconf 72' lang='lat' dir='ltr'>Esse</span> <span class='ocrx_word' id='word_1_249' title='bbox 536 1880 704 1900; x_wconf 67' lang='lat' dir='ltr'>ossowa</span> <span class='ocrx_word' id='word_1_250' title='bbox 731 1872 746 1908; x_wconf 94' lang='lat'>]</span> <span class='ocrx_word' id='word_1_251' title='bbox 777 1869 878 1900; x_wconf 85' lang='lat' dir='ltr'>Tacit.</span> <span class='ocrx_word' id='word_1_252' title='bbox 909 1871 1020 1901; x_wconf 85' lang='lat' dir='ltr'>Annal.</span> 
     </span>
     <span class='ocr_line' id='line_1_37' title="bbox 346 1912 476 1944; baseline 0.015 -8"><span class='ocrx_word' id='word_1_253' title='bbox 346 1912 367 1936; x_wconf 55' lang='grc' dir='ltr'>.ιῚ</span> <span class='ocrx_word' id='word_1_254' title='bbox 401 1930 408 1943; x_wconf 82' lang='lat'>‚</span> <span class='ocrx_word' id='word_1_255' title='bbox 430 1912 476 1944; x_wconf 81' lang='lat'>36.</span> 
     </span>
    </p>

    <p class='ocr_par' dir='ltr' id='par_1_13' title="bbox 344 1947 1021 2182">
     <span class='ocr_line' id='line_1_38' title="bbox 386 1947 1021 1982; baseline 0.006 -6"><span class='ocrx_word' id='word_1_256' title='bbox 386 1949 396 1961; x_wconf 80' lang='lat'>²</span> <span class='ocrx_word' id='word_1_257' title='bbox 418 1948 529 1978; x_wconf 71' lang='lat' dir='ltr'>Jt‘STUS</span> <span class='ocrx_word' id='word_1_258' title='bbox 552 1949 742 1982; x_wconf 58' lang='lat' dir='ltr'>Cnosius]</span> <span class='ocrx_word' id='word_1_259' title='bbox 766 1947 848 1981; x_wconf 86' lang='lat' dir='ltr'>Dio,</span> <span class='ocrx_word' id='word_1_260' title='bbox 877 1948 939 1979; x_wconf 84' lang='lat' dir='ltr'>loc-</span> <span class='ocrx_word' id='word_1_261' title='bbox 969 1949 1021 1980; x_wconf 80' lang='lat' dir='ltr'>cit.</span> 
     </span>
     <span class='ocr_line' id='line_1_39' title="bbox 345 1984 1021 2026; baseline 0.009 -13"><span class='ocrx_word' id='word_1_262' title='bbox 345 1984 436 2014; x_wconf 76' lang='lat' dir='ltr'>Illum</span> <span class='ocrx_word' id='word_1_263' title='bbox 452 1997 579 2026; x_wconf 84' lang='lat' dir='ltr'>quoque</span> <span class='ocrx_word' id='word_1_264' title='bbox 594 1988 676 2018; x_wconf 84' lang='lat' dir='ltr'>inter</span> <span class='ocrx_word' id='word_1_265' title='bbox 692 1987 843 2026; x_wconf 84' lang='lat' dir='ltr'>plurimos</span> <span class='ocrx_word' id='word_1_266' title='bbox 856 1997 873 2017; x_wconf 87' lang='lat' dir='ltr'>a</span> <span class='ocrx_word' id='word_1_267' title='bbox 886 1989 1021 2020; x_wconf 88' lang='lat' dir='ltr'>Claudio</span> 
     </span>
     <span class='ocr_line' id='line_1_40' title="bbox 346 2024 1021 2065; baseline 0.007 -12"><span class='ocrx_word' id='word_1_268' title='bbox 346 2024 466 2055; x_wconf 85' lang='lat' dir='ltr'>occisos</span> <span class='ocrx_word' id='word_1_269' title='bbox 492 2036 633 2057; x_wconf 80' lang='lat' dir='ltr'>numerat</span> <span class='ocrx_word' id='word_1_270' title='bbox 655 2029 771 2057; x_wconf 83' lang='lat' dir='ltr'>Seneca</span> <span class='ocrx_word' id='word_1_271' title='bbox 796 2027 829 2056; x_wconf 87' lang='lat' dir='ltr'>in</span> <span class='ocrx_word' id='word_1_272' title='bbox 855 2029 1021 2065; x_wconf 85' lang='lat' dir='ltr'>Apocolo-</span> 
     </span>
     <span class='ocr_line' id='line_1_41' title="bbox 345 2065 1020 2106; baseline 0.01 -15"><span class='ocrx_word' id='word_1_273' title='bbox 345 2072 430 2106; x_wconf 70' lang='lat' dir='ltr'>cynt.</span> <span class='ocrx_word' id='word_1_274' title='bbox 450 2065 545 2095; x_wconf 65' lang='lat' dir='ltr'>Forte</span> <span class='ocrx_word' id='word_1_275' title='bbox 562 2065 646 2096; x_wconf 87' lang='lat' dir='ltr'>idem</span> <span class='ocrx_word' id='word_1_276' title='bbox 660 2066 723 2104; x_wconf 80' lang='lat' dir='ltr'>ipse</span> <span class='ocrx_word' id='word_1_277' title='bbox 737 2066 777 2096; x_wconf 89' lang='lat' dir='ltr'>est</span> <span class='ocrx_word' id='word_1_278' title='bbox 793 2076 828 2096; x_wconf 92' lang='lat' dir='ltr'>ac</span> <span class='ocrx_word' id='word_1_279' title='bbox 845 2067 941 2097; x_wconf 84' lang='lat' dir='ltr'>Justus</span> <span class='ocrx_word' id='word_1_280' title='bbox 957 2069 1020 2098; x_wconf 87' lang='lat' dir='ltr'>Ca-</span> 
     </span>
     <span class='ocr_line' id='line_1_42' title="bbox 345 2104 1020 2143; baseline 0.007 -12"><span class='ocrx_word' id='word_1_281' title='bbox 345 2110 472 2137; x_wconf 79' lang='lat' dir='ltr'>tonms,</span> <span class='ocrx_word' id='word_1_282' title='bbox 495 2115 588 2143; x_wconf 88' lang='lat' dir='ltr'>quem</span> <span class='ocrx_word' id='word_1_283' title='bbox 606 2105 687 2141; x_wconf 72' lang='lat' dir='ltr'>primi</span> <span class='ocrx_word' id='word_1_284' title='bbox 712 2104 817 2134; x_wconf 72' lang='lat' dir='ltr'>ordinis</span> <span class='ocrx_word' id='word_1_285' title='bbox 838 2107 1020 2136; x_wconf 72' lang='lat' dir='ltr'>centurionem</span> 
     </span>
     <span class='ocr_line' id='line_1_43' title="bbox 344 2141 914 2182; baseline 0.005 -11"><span class='ocrx_word' id='word_1_286' title='bbox 344 2141 407 2179; x_wconf 74' lang='lat' dir='ltr'>jam</span> <span class='ocrx_word' id='word_1_287' title='bbox 422 2141 556 2173; x_wconf 77' lang='lat' dir='ltr'>vidimus</span> <span class='ocrx_word' id='word_1_288' title='bbox 576 2144 662 2182; x_wconf 78' lang='lat' dir='ltr'>supra</span> <span class='ocrx_word' id='word_1_289' title='bbox 680 2145 792 2175; x_wconf 87' lang='lat' dir='ltr'>Annal.</span> <span class='ocrx_word' id='word_1_290' title='bbox 812 2146 843 2182; x_wconf 84' lang='lat'>1,</span> <span class='ocrx_word' id='word_1_291' title='bbox 864 2156 914 2182; x_wconf 87' lang='lat'>29.</span> 
     </span>
    </p>

    <p class='ocr_par' dir='ltr' id='par_1_14' title="bbox 341 2182 1018 2378">
     <span class='ocr_line' id='line_1_44' title="bbox 377 2182 1017 2224; baseline 0.008 -15"><span class='ocrx_word' id='word_1_292' title='bbox 377 2186 394 2224; x_wconf 44' lang='lat'>&#39;3</span> <span class='ocrx_word' id='word_1_293' title='bbox 419 2182 538 2220; x_wconf 68' lang='lat' dir='ltr'>mef]</span> <span class='ocrx_word' id='word_1_294' title='bbox 555 2183 720 2214; x_wconf 83' lang='lat' dir='ltr'>Suetonius</span> <span class='ocrx_word' id='word_1_295' title='bbox 736 2184 769 2214; x_wconf 91' lang='lat' dir='ltr'>in</span> <span class='ocrx_word' id='word_1_296' title='bbox 781 2185 891 2214; x_wconf 84' lang='lat' dir='ltr'>Claud.</span> <span class='ocrx_word' id='word_1_297' title='bbox 905 2186 1017 2215; x_wconf 86' lang='lat' dir='ltr'><strong>XXIX.</strong></span> 
     </span>
     <span class='ocr_line' id='line_1_45' title="bbox 344 2218 1018 2263; baseline 0.009 -15"><span class='ocrx_word' id='word_1_298' title='bbox 344 2218 408 2250; x_wconf 81' lang='lat' dir='ltr'>Dio</span> <span class='ocrx_word' id='word_1_299' title='bbox 421 2243 430 2256; x_wconf 91' lang='lat'>‚</span> <span class='ocrx_word' id='word_1_300' title='bbox 450 2222 517 2251; x_wconf 87' lang='lat' dir='ltr'>LX.</span> <span class='ocrx_word' id='word_1_301' title='bbox 538 2232 605 2260; x_wconf 82' lang='lat' dir='ltr'>pag.</span> <span class='ocrx_word' id='word_1_302' title='bbox 619 2227 690 2261; x_wconf 88' lang='lat'><em>677.</em></span> <span class='ocrx_word' id='word_1_303' title='bbox 705 2224 738 2253; x_wconf 75' lang='grc' dir='ltr'>ὃ(</span> <span class='ocrx_word' id='word_1_304' title='bbox 751 2226 867 2254; x_wconf 83' lang='lat' dir='ltr'>Seneca</span> <span class='ocrx_word' id='word_1_305' title='bbox 884 2224 917 2253; x_wconf 92' lang='lat' dir='ltr'>in</span> <span class='ocrx_word' id='word_1_306' title='bbox 933 2226 1018 2263; x_wconf 83' lang='lat' dir='ltr'>Apo-</span> 
     </span>
     <span class='ocr_line' id='line_1_46' title="bbox 344 2259 1018 2301; baseline 0.009 -14"><span class='ocrx_word' id='word_1_307' title='bbox 344 2259 507 2298; x_wconf 83' lang='lat' dir='ltr'>colocynt.</span> <span class='ocrx_word' id='word_1_308' title='bbox 526 2261 690 2299; x_wconf 78' lang='lat' dir='ltr'>Augustum</span> <span class='ocrx_word' id='word_1_309' title='bbox 708 2262 750 2292; x_wconf 82' lang='lat' dir='ltr'>ita</span> <span class='ocrx_word' id='word_1_310' title='bbox 771 2263 953 2301; x_wconf 86' lang='lat' dir='ltr'>loquentem</span> <span class='ocrx_word' id='word_1_311' title='bbox 972 2263 1018 2293; x_wconf 92' lang='lat' dir='ltr'>in—</span> 
     </span>
     <span class='ocr_line' id='line_1_47' title="bbox 343 2297 1017 2341; baseline 0.006 -14"><span class='ocrx_word' id='word_1_312' title='bbox 343 2297 430 2328; x_wconf 86' lang='lat' dir='ltr'>ducit</span> <span class='ocrx_word' id='word_1_313' title='bbox 444 2309 451 2328; x_wconf 88' lang='lat'>:</span> <span class='ocrx_word' id='word_1_314' title='bbox 466 2298 536 2336; x_wconf 76' lang='grc' dir='ltr'><em>Ι-Ιὶε,</em></span> <span class='ocrx_word' id='word_1_315' title='bbox 558 2299 592 2329; x_wconf 89' lang='grc' dir='ltr'>Ρ.</span> <span class='ocrx_word' id='word_1_316' title='bbox 609 2299 643 2330; x_wconf 87' lang='lat' dir='ltr'>C.</span> <span class='ocrx_word' id='word_1_317' title='bbox 658 2301 701 2339; x_wconf 74' lang='lat' dir='ltr'>qui</span> <span class='ocrx_word' id='word_1_318' title='bbox 716 2300 790 2330; x_wconf 71' lang='lat' dir='ltr'>vobis</span> <span class='ocrx_word' id='word_1_319' title='bbox 810 2312 861 2330; x_wconf 86' lang='lat' dir='ltr'>non</span> <span class='ocrx_word' id='word_1_320' title='bbox 887 2303 953 2341; x_wconf 64' lang='lat' dir='ltr'>pqffe</span> <span class='ocrx_word' id='word_1_321' title='bbox 971 2303 1017 2331; x_wconf 73' lang='lat' dir='ltr'>vi-</span> 
     </span>
     <span class='ocr_line' id='line_1_48' title="bbox 341 2336 1018 2378; baseline 0.007 -12"><span class='ocrx_word' id='word_1_322' title='bbox 341 2336 419 2366; x_wconf 69' lang='lat' dir='ltr'>detur</span> <span class='ocrx_word' id='word_1_323' title='bbox 436 2339 551 2378; x_wconf 78' lang='lat' dir='ltr'>muscam</span> <span class='ocrx_word' id='word_1_324' title='bbox 565 2340 689 2369; x_wconf 68' lang='lat' dir='ltr'>excitare</span> <span class='ocrx_word' id='word_1_325' title='bbox 700 2363 711 2378; x_wconf 84' lang='lat'>,</span> <span class='ocrx_word' id='word_1_326' title='bbox 730 2349 784 2369; x_wconf 81' lang='lat' dir='ltr'>tam</span> <span class='ocrx_word' id='word_1_327' title='bbox 795 2340 883 2377; x_wconf 56' lang='lat' dir='ltr'>facile·</span> <span class='ocrx_word' id='word_1_328' title='bbox 896 2342 1018 2372; x_wconf 80' lang='lat' dir='ltr'>homines</span> 
     </span>
    </p>
   </div>
   <div class='ocr_carea' id='block_1_11' title="bbox 1055 1752 1735 2380">
    <p class='ocr_par' dir='ltr' id='par_1_15' title="bbox 1059 1752 1735 2107">
     <span class='ocr_line' id='line_1_49' title="bbox 1061 1752 1735 1792; baseline -0.001 -11"><span class='ocrx_word' id='word_1_329' title='bbox 1061 1752 1177 1790; x_wconf 73' lang='lat' dir='ltr'>videtis,</span> <span class='ocrx_word' id='word_1_330' title='bbox 1186 1764 1233 1790; x_wconf 81' lang='lat' dir='ltr'>per</span> <span class='ocrx_word' id='word_1_331' title='bbox 1244 1763 1283 1782; x_wconf 76' lang='lat' dir='ltr'>tot</span> <span class='ocrx_word' id='word_1_332' title='bbox 1291 1754 1438 1792; x_wconf 72' lang='lat' dir='ltr'>annosficb</span> <span class='ocrx_word' id='word_1_333' title='bbox 1449 1764 1504 1783; x_wconf 83' lang='lat' dir='ltr'>meo</span> <span class='ocrx_word' id='word_1_334' title='bbox 1513 1753 1735 1790; x_wconf 68' lang='lat' dir='ltr'>nominelasens,</span> 
     </span>
     <span class='ocr_line' id='line_1_50' title="bbox 1061 1791 1734 1832; baseline 0.001 -12"><span class='ocrx_word' id='word_1_335' title='bbox 1061 1791 1133 1821; x_wconf 77' lang='lat' dir='ltr'>hanc</span> <span class='ocrx_word' id='word_1_336' title='bbox 1151 1793 1216 1822; x_wconf 82' lang='lat' dir='ltr'>rnilzi</span> <span class='ocrx_word' id='word_1_337' title='bbox 1232 1793 1356 1832; x_wconf 71' lang='lat' dir='ltr'>gratiam</span> <span class='ocrx_word' id='word_1_338' title='bbox 1374 1792 1482 1831; x_wconf 74' lang='lat' dir='ltr'>retulit,</span> <span class='ocrx_word' id='word_1_339' title='bbox 1494 1802 1523 1821; x_wconf 77' lang='lat' dir='ltr'>ut</span> <span class='ocrx_word' id='word_1_340' title='bbox 1541 1792 1610 1821; x_wconf 78' lang='lat' dir='ltr'>duas</span> <span class='ocrx_word' id='word_1_341' title='bbox 1619 1791 1734 1829; x_wconf 72' lang='lat' dir='ltr'>Julius,</span> 
     </span>
     <span class='ocr_line' id='line_1_51' title="bbox 1059 1831 1733 1869; baseline 0.001 -10"><span class='ocrx_word' id='word_1_342' title='bbox 1059 1840 1203 1868; x_wconf 75' lang='lat' dir='ltr'>proneptes</span> <span class='ocrx_word' id='word_1_343' title='bbox 1221 1842 1296 1861; x_wconf 77' lang='lat' dir='ltr'>meas</span> <span class='ocrx_word' id='word_1_344' title='bbox 1307 1856 1316 1869; x_wconf 87' lang='lat'>,</span> <span class='ocrx_word' id='word_1_345' title='bbox 1331 1832 1481 1868; x_wconf 66' lang='lat' dir='ltr'>occider-es,</span> <span class='ocrx_word' id='word_1_346' title='bbox 1506 1832 1622 1860; x_wconf 70' lang='lat' dir='ltr'>alteram</span> <span class='ocrx_word' id='word_1_347' title='bbox 1630 1831 1706 1868; x_wconf 83' lang='lat' dir='ltr'>ferro</span> <span class='ocrx_word' id='word_1_348' title='bbox 1722 1854 1733 1868; x_wconf 95' lang='lat'><em>‚</em></span> 
     </span>
     <span class='ocr_line' id='line_1_52' title="bbox 1061 1870 1735 1909; baseline -0.001 -10"><span class='ocrx_word' id='word_1_349' title='bbox 1061 1870 1267 1908; x_wconf 62' lang='lat' dir='ltr'>alferamsame.</span> <span class='ocrx_word' id='word_1_350' title='bbox 1275 1895 1282 1902; x_wconf 88' lang='lat'><strong><em>.</em></strong></span> <span class='ocrx_word' id='word_1_351' title='bbox 1292 1894 1299 1901; x_wconf 89' lang='lat'>.</span> <span class='ocrx_word' id='word_1_352' title='bbox 1309 1871 1368 1901; x_wconf 76' lang='lat' dir='ltr'>Dic</span> <span class='ocrx_word' id='word_1_353' title='bbox 1380 1872 1517 1909; x_wconf 71' lang='lat' dir='ltr'>mihi‚dive</span> <span class='ocrx_word' id='word_1_354' title='bbox 1528 1870 1638 1908; x_wconf 66' lang='lat' dir='ltr'>Claudi,</span> <span class='ocrx_word' id='word_1_355' title='bbox 1651 1880 1735 1909; x_wconf 79' lang='lat' dir='ltr'>quare</span> 
     </span>
     <span class='ocr_line' id='line_1_53' title="bbox 1060 1909 1733 1950; baseline -0.001 -12"><span class='ocrx_word' id='word_1_356' title='bbox 1060 1920 1215 1949; x_wconf 76' lang='lat' dir='ltr'>quemquam</span> <span class='ocrx_word' id='word_1_357' title='bbox 1233 1921 1266 1940; x_wconf 78' lang='lat' dir='ltr'>ex</span> <span class='ocrx_word' id='word_1_358' title='bbox 1281 1911 1341 1946; x_wconf 76' lang='lat' dir='ltr'>his,</span> <span class='ocrx_word' id='word_1_359' title='bbox 1360 1921 1424 1950; x_wconf 79' lang='lat' dir='ltr'>quos</span> <span class='ocrx_word' id='word_1_360' title='bbox 1436 1934 1444 1947; x_wconf 90' lang='lat'>‚</span> <span class='ocrx_word' id='word_1_361' title='bbox 1465 1911 1576 1950; x_wconf 46' lang='lat' dir='ltr'>qua-filice</span> <span class='ocrx_word' id='word_1_362' title='bbox 1591 1909 1710 1949; x_wconf 79' lang='lat' dir='ltr'>occidisti</span> <span class='ocrx_word' id='word_1_363' title='bbox 1722 1932 1733 1945; x_wconf 93' lang='lat'>,</span> 
     </span>
     <span class='ocr_line' id='line_1_54' title="bbox 1061 1949 1734 1990; baseline -0.003 -12"><span class='ocrx_word' id='word_1_364' title='bbox 1061 1959 1204 1989; x_wconf 75' lang='lat' dir='ltr'>antequam</span> <span class='ocrx_word' id='word_1_365' title='bbox 1220 1949 1252 1979; x_wconf 74' lang='lat' dir='ltr'>de</span> <span class='ocrx_word' id='word_1_366' title='bbox 1267 1951 1350 1978; x_wconf 54' lang='lat' dir='ltr'>causti</span> <span class='ocrx_word' id='word_1_367' title='bbox 1368 1951 1538 1990; x_wconf 82' lang='lat' dir='ltr'>cognosceres</span> <span class='ocrx_word' id='word_1_368' title='bbox 1554 1973 1563 1986; x_wconf 93' lang='lat'>‚</span> <span class='ocrx_word' id='word_1_369' title='bbox 1589 1958 1734 1988; x_wconf 78' lang='lat' dir='ltr'>antequam</span> 
     </span>
     <span class='ocr_line' id='line_1_55' title="bbox 1060 1986 1732 2028; baseline -0.001 -11"><span class='ocrx_word' id='word_1_370' title='bbox 1060 1988 1189 2027; x_wconf 70' lang='lat' dir='ltr'>audires,</span> <span class='ocrx_word' id='word_1_371' title='bbox 1206 1989 1363 2028; x_wconf 78' lang='lat' dir='ltr'>damnasti?</span> <span class='ocrx_word' id='word_1_372' title='bbox 1379 1989 1602 2028; x_wconf 72' lang='lat' dir='ltr'>hocfierijblet?</span> <span class='ocrx_word' id='word_1_373' title='bbox 1622 1989 1650 2017; x_wconf 83' lang='lat' dir='ltr'>in</span> <span class='ocrx_word' id='word_1_374' title='bbox 1667 1986 1732 2016; x_wconf 70' lang='lat' dir='ltr'>caelo</span> 
     </span>
     <span class='ocr_line' id='line_1_56' title="bbox 1059 2028 1732 2068; baseline 0 -12"><span class='ocrx_word' id='word_1_375' title='bbox 1059 2039 1112 2057; x_wconf 84' lang='lat' dir='ltr'>non</span> <span class='ocrx_word' id='word_1_376' title='bbox 1127 2028 1174 2067; x_wconf 82' lang='lat' dir='ltr'>fit.</span> <span class='ocrx_word' id='word_1_377' title='bbox 1194 2029 1242 2059; x_wconf 91' lang='lat' dir='ltr'>De</span> <span class='ocrx_word' id='word_1_378' title='bbox 1259 2029 1387 2068; x_wconf 70' lang='lat' dir='ltr'>utraque</span> <span class='ocrx_word' id='word_1_379' title='bbox 1402 2029 1482 2060; x_wconf 69' lang='lat' dir='ltr'>Julia</span> <span class='ocrx_word' id='word_1_380' title='bbox 1501 2029 1574 2059; x_wconf 87' lang='lat' dir='ltr'>vide</span> <span class='ocrx_word' id='word_1_381' title='bbox 1597 2030 1732 2058; x_wconf 84' lang='lat' dir='ltr'>Stemma</span> 
     </span>
     <span class='ocr_line' id='line_1_57' title="bbox 1060 2068 1501 2107; baseline 0 -9"><span class='ocrx_word' id='word_1_382' title='bbox 1060 2068 1229 2105; x_wconf 84' lang='lat' dir='ltr'>Caesarum,</span> <span class='ocrx_word' id='word_1_383' title='bbox 1249 2079 1324 2098; x_wconf 89' lang='lat' dir='ltr'>num</span> <span class='ocrx_word' id='word_1_384' title='bbox 1340 2079 1381 2107; x_wconf 88' lang='lat'>74</span> <span class='ocrx_word' id='word_1_385' title='bbox 1397 2070 1431 2099; x_wconf 84' lang='lat'>&amp;</span> <span class='ocrx_word' id='word_1_386' title='bbox 1450 2080 1501 2107; x_wconf 87' lang='lat'>97.</span> 
     </span>
    </p>

    <p class='ocr_par' dir='ltr' id='par_1_16' title="bbox 1098 2108 1577 2147">
     <span class='ocr_line' id='line_1_58' title="bbox 1098 2108 1577 2147; baseline -0.002 -10"><span class='ocrx_word' id='word_1_387' title='bbox 1098 2112 1113 2130; x_wconf 79' lang='lat'>4</span> <span class='ocrx_word' id='word_1_388' title='bbox 1132 2108 1273 2138; x_wconf 75' lang='lat' dir='ltr'>D1x1mus</span> <span class='ocrx_word' id='word_1_389' title='bbox 1289 2110 1303 2145; x_wconf 93' lang='lat'>]</span> <span class='ocrx_word' id='word_1_390' title='bbox 1326 2109 1421 2147; x_wconf 68' lang='lat' dir='ltr'>Supra</span> <span class='ocrx_word' id='word_1_391' title='bbox 1440 2118 1506 2146; x_wconf 84' lang='lat' dir='ltr'>cap.</span> <span class='ocrx_word' id='word_1_392' title='bbox 1527 2117 1577 2145; x_wconf 87' lang='lat'>43.</span> 
     </span>
    </p>

    <p class='ocr_par' dir='ltr' id='par_1_17' title="bbox 1056 2147 1729 2262">
     <span class='ocr_line' id='line_1_59' title="bbox 1100 2147 1728 2184; baseline -0.006 -7"><span class='ocrx_word' id='word_1_393' title='bbox 1100 2152 1108 2173; x_wconf 86' lang='lat'><em>5</em></span> <span class='ocrx_word' id='word_1_394' title='bbox 1133 2148 1279 2177; x_wconf 64' lang='lat' dir='ltr'>TARPEJA</span> <span class='ocrx_word' id='word_1_395' title='bbox 1301 2158 1381 2177; x_wconf 74' lang='lat' dir='ltr'>RUPE</span> <span class='ocrx_word' id='word_1_396' title='bbox 1400 2149 1413 2184; x_wconf 90' lang='lat'>]</span> <span class='ocrx_word' id='word_1_397' title='bbox 1436 2147 1499 2177; x_wconf 89' lang='lat' dir='ltr'>Dio</span> <span class='ocrx_word' id='word_1_398' title='bbox 1521 2170 1529 2183; x_wconf 91' lang='lat'><em>‚</em></span> <span class='ocrx_word' id='word_1_399' title='bbox 1566 2147 1633 2175; x_wconf 84' lang='lat' dir='ltr'>LX.</span> <span class='ocrx_word' id='word_1_400' title='bbox 1660 2153 1728 2183; x_wconf 81' lang='lat' dir='ltr'>pag.</span> 
     </span>
     <span class='ocr_line' id='line_1_60' title="bbox 1057 2185 1729 2225; baseline -0.004 -10"><span class='ocrx_word' id='word_1_401' title='bbox 1057 2189 1127 2224; x_wconf 88' lang='lat'><em>677.</em></span> <span class='ocrx_word' id='word_1_402' title='bbox 1142 2186 1189 2217; x_wconf 89' lang='lat' dir='ltr'>De</span> <span class='ocrx_word' id='word_1_403' title='bbox 1209 2197 1282 2225; x_wconf 90' lang='lat' dir='ltr'>rupe</span> <span class='ocrx_word' id='word_1_404' title='bbox 1306 2186 1438 2224; x_wconf 66' lang='lat' dir='ltr'>Tarpeia</span> <span class='ocrx_word' id='word_1_405' title='bbox 1452 2187 1514 2223; x_wconf 84' lang='lat' dir='ltr'>jam</span> <span class='ocrx_word' id='word_1_406' title='bbox 1530 2185 1644 2214; x_wconf 61' lang='lat' dir='ltr'>dictum</span> <span class='ocrx_word' id='word_1_407' title='bbox 1660 2187 1729 2212; x_wconf 85' lang='lat' dir='ltr'>An·-</span> 
     </span>
     <span class='ocr_line' id='line_1_61' title="bbox 1056 2225 1556 2262; baseline -0.002 -8"><span class='ocrx_word' id='word_1_408' title='bbox 1056 2225 1118 2255; x_wconf 83' lang='lat' dir='ltr'>nal.</span> <span class='ocrx_word' id='word_1_409' title='bbox 1134 2227 1175 2256; x_wconf 94' lang='lat' dir='ltr'>VI</span> <span class='ocrx_word' id='word_1_410' title='bbox 1188 2249 1196 2261; x_wconf 92' lang='lat'>‚</span> <span class='ocrx_word' id='word_1_411' title='bbox 1222 2235 1268 2261; x_wconf 87' lang='lat'>19.</span> <span class='ocrx_word' id='word_1_412' title='bbox 1285 2226 1318 2255; x_wconf 83' lang='lat'>&amp;</span> <span class='ocrx_word' id='word_1_413' title='bbox 1335 2225 1407 2255; x_wconf 82' lang='lat' dir='ltr'>Hist.</span> <span class='ocrx_word' id='word_1_414' title='bbox 1423 2227 1484 2259; x_wconf 87' lang='lat' dir='ltr'>Ill,</span> <span class='ocrx_word' id='word_1_415' title='bbox 1508 2235 1556 2262; x_wconf 82' lang='lat'>7¹·</span> 
     </span>
    </p>

    <p class='ocr_par' dir='ltr' id='par_1_18' title="bbox 1055 2261 1731 2339">
     <span class='ocr_line' id='line_1_62' title="bbox 1096 2261 1731 2301; baseline -0.006 -7"><span class='ocrx_word' id='word_1_416' title='bbox 1096 2266 1109 2283; x_wconf 85' lang='lat'><strong><em>⁶</em></strong></span> <span class='ocrx_word' id='word_1_417' title='bbox 1132 2266 1330 2295; x_wconf 66' lang='lat' dir='ltr'>Pnosecuws</span> <span class='ocrx_word' id='word_1_418' title='bbox 1352 2275 1405 2294; x_wconf 65' lang='lat' dir='ltr'>Esi-</span> <span class='ocrx_word' id='word_1_419' title='bbox 1429 2265 1443 2300; x_wconf 93' lang='lat'>]</span> <span class='ocrx_word' id='word_1_420' title='bbox 1481 2265 1552 2293; x_wconf 82' lang='lat' dir='ltr'>Haec</span> <span class='ocrx_word' id='word_1_421' title='bbox 1581 2261 1616 2293; x_wconf 65' lang='grc' dir='ltr'>ὃς</span> <span class='ocrx_word' id='word_1_422' title='bbox 1643 2261 1731 2301; x_wconf 80' lang='lat' dir='ltr'>seqq.</span> 
     </span>
     <span class='ocr_line' id='line_1_63' title="bbox 1055 2303 1434 2339; baseline -0.008 -5"><span class='ocrx_word' id='word_1_423' title='bbox 1055 2305 1181 2334; x_wconf 86' lang='lat' dir='ltr'>Sueton.</span> <span class='ocrx_word' id='word_1_424' title='bbox 1199 2304 1232 2332; x_wconf 87' lang='lat' dir='ltr'>in</span> <span class='ocrx_word' id='word_1_425' title='bbox 1251 2303 1396 2339; x_wconf 86' lang='lat' dir='ltr'>Othone,</span> <span class='ocrx_word' id='word_1_426' title='bbox 1411 2304 1434 2332; x_wconf 90' lang='lat' dir='ltr'>I.</span> 
     </span>
    </p>

    <p class='ocr_par' dir='ltr' id='par_1_19' title="bbox 1095 2341 1668 2380">
     <span class='ocr_line' id='line_1_64' title="bbox 1095 2341 1668 2380; baseline -0.007 -6"><span class='ocrx_word' id='word_1_427' title='bbox 1095 2348 1107 2368; x_wconf 93' lang='lat'>7</span> <span class='ocrx_word' id='word_1_428' title='bbox 1128 2344 1292 2377; x_wconf 70' lang='lat' dir='ltr'>Bemcus]</span> <span class='ocrx_word' id='word_1_429' title='bbox 1314 2341 1398 2380; x_wconf 82' lang='lat' dir='ltr'>Dio,</span> <span class='ocrx_word' id='word_1_430' title='bbox 1421 2342 1490 2372; x_wconf 83' lang='lat' dir='ltr'>LX.</span> <span class='ocrx_word' id='word_1_431' title='bbox 1507 2349 1574 2380; x_wconf 81' lang='lat' dir='ltr'>pag.</span> <span class='ocrx_word' id='word_1_432' title='bbox 1595 2343 1668 2379; x_wconf 87' lang='lat'><em>677.</em></span> 
     </span>
    </p>
   </div>
   <div class='ocr_carea' id='block_1_12' title="bbox 1776 766 1825 793">
    <p class='ocr_par' dir='ltr' id='par_1_20' title="bbox 1776 766 1825 793">
     <span class='ocr_line' id='line_1_65' title="bbox 1776 766 1825 793; baseline 0 0"><span class='ocrx_word' id='word_1_433' title='bbox 1776 766 1825 793; x_wconf 86' lang='lat'>10</span> 
     </span>
    </p>
   </div>
   <div class='ocr_carea' id='block_1_13' title="bbox 1774 1079 1821 1118">
    <p class='ocr_par' dir='ltr' id='par_1_21' title="bbox 1774 1079 1821 1118">
     <span class='ocr_line' id='line_1_66' title="bbox 1774 1079 1821 1118; baseline 0 0"><span class='ocrx_word' id='word_1_434' title='bbox 1774 1079 1821 1118; x_wconf 85' lang='lat'>15</span> 
     </span>
    </p>
   </div>
   <div class='ocr_carea' id='block_1_14' title="bbox 1765 1396 1822 1424">
    <p class='ocr_par' dir='ltr' id='par_1_22' title="bbox 1765 1396 1822 1424">
     <span class='ocr_line' id='line_1_67' title="bbox 1765 1396 1822 1424; baseline 0.035 -2"><span class='ocrx_word' id='word_1_435' title='bbox 1765 1396 1822 1424; x_wconf 90' lang='lat'>20</span> 
     </span>
    </p>
   </div>
  </div>
 </body>
</html>
