1952 2708
335 159 390 195 60

617 150 664 190 C.
733 146 1101 190 CORNELII
1165 145 1438 189 TACITI

331 233 439 287 Ergo
460 230 537 283 jam
563 229 705 271 dextro
729 231 894 271 Suevici
916 231 1032 271 maris
1055 235 1065 253 ¹
1092 228 1211 270 litore
1231 230 1450 270 AEstiorum
1473 242 1614 284 gentes
1635 234 1649 252 ²
1669 227 1721 272 al-

326 295 511 338 luuntur:
541 293 681 348 quibus
707 295 804 334 ritus
830 293 1064 348 habitusque
1084 295 1310 334 Suevorum
1335 297 1377 343 ³,
1406 292 1544 347 lingua
1565 293 1718 335 Britan·

329 359 428 398 nicae
456 358 620 414 propior
647 362 677 397 4.
704 358 880 398 Matrem
909 357 1027 398 defun
1051 361 1063 388 5
1095 369 1359 396 venerantur:
1387 356 1539 410 infigne
1566 356 1722 413 supers-

327 422 449 462 tionis
465 450 478 471 ,
506 420 652 461 formas
676 436 861 477 aprorum
884 419 901 441 ⁶
923 422 1088 476 gestant.
1113 420 1159 460 Id
1185 435 1258 475 pro
1293 418 1410 459 armis
1438 421 1628 474 omnique
1656 433 1721 460 tu·

326 481 428 524 teki:
457 483 640 524 securum
665 483 744 524 deae
771 483 969 525 cultorem
998 485 1117 524 etiam
1139 484 1242 523 inter
1261 483 1389 523 hostes
1411 483 1560 538 praestat
1585 488 1615 524 7.
1639 484 1722 524 Ra-

326 561 392 588 rus
417 545 536 596 ferri,
566 547 751 600 frequens
776 547 933 587 fustium
968 547 1073 587 usus.
1102 547 1321 588 Frumenta
1346 545 1580 598 ceterosque
1607 546 1718 588 fruc-

325 622 389 650 tus
409 610 621 665 patientius
646 607 660 631 3
677 639 690 660 ,
717 609 834 664 quem
857 625 928 665 pro
950 607 1067 650 solit&
1088 610 1383 650 Germanorum
1405 606 1548 649 inerti&
1564 637 1577 658 ‚
1602 607 1717 650 labo-

326 685 428 714 rant.
452 672 532 714 Sed
559 677 598 713 ὅ(
623 688 730 713 mare
758 673 1011 720 scrutantur3
1035 688 1082 713 ac
1106 671 1183 713 soli
1201 673 1383 714 onmium
1403 677 1419 700 9
1434 672 1644 713 succinum
1661 677 1717 724 ¹0,

326 735 434 790 quod
454 736 523 792 ipsi
540 736 614 775 Gle
635 752 698 775 um
715 741 743 758 ¹¹
762 750 911 777 vocant
925 767 938 788 ,
966 738 1070 776 inter
1089 736 1190 778 vada
1213 750 1330 789 atque
1350 737 1392 775 in
1410 735 1497 790 ipso
1518 734 1638 776 litore
1662 733 1718 776 le-

326 812 440 853 gunt.
477 800 570 840 Nec
591 828 604 849 ‚
645 814 728 852 quae
754 814 919 850 natura,
947 814 1082 854 quaeve
1115 800 1217 840 ratio
1247 800 1412 854 gignat,
1440 811 1485 838 ut
1508 797 1682 840 barbaris
1701 828 1717 850 ,

327 862 527 915 quaesitum
565 876 882 918 compertumve.
920 863 1004 903 Diu
1034 864 1253 917 quinetiam
1278 864 1382 903 inter
1409 875 1543 902 cetera
1571 860 1717 914 ejefiia-

323 939 462 968 menta
478 926 594 966 maris
619 923 775 978 jacebat
795 931 827 949 ¹²
840 957 853 978 ,
870 927 1002 968 donec
1023 925 1180 967 luxuria
1202 926 1330 966 nostra
1347 930 1375 954 ¹³
1407 924 1517 966 dedit
1536 941 1686 967 nomen
1705 943 1715 967 :

342 1085 348 1091 ι
368 1053 376 1067 ’
401 1049 530 1080 δυενῐει
556 1051 675 1087 MAms]
699 1050 792 1080 Nunc
811 1050 838 1078 Ia
856 1060 913 1080 mer
926 1050 999 1079 Bal-

323 1095 407 1124 rique.

365 1131 377 1145 ²
399 1127 579 1157 AEST10RUM
598 1128 735 1164 Geures]
750 1128 843 1158 Nunc
859 1127 1000 1167 lefloyau-

322 1174 365 1193 me
390 1163 423 1192 de
444 1164 535 1205 Pruſje
551 1190 560 1202 ,
585 1166 623 1195 les
646 1166 752 1197 daches,
771 1165 803 1195 cz'e
821 1167 973 1206 Samogirie
989 1191 998 1204 ‚

323 1203 356 1232 de
371 1203 533 1242 Cur-lande,
559 1205 583 1233 le
610 1204 758 1234 Palasinac
781 1205 813 1234 de
828 1205 943 1235 Livonie
965 1207 998 1237 &

323 1241 453 1286 Z'Estqnie
463 1267 472 1280 ,
488 1243 521 1273 in
534 1244 618 1281 cujus
634 1244 766 1275 nomine
779 1245 873 1275 exstat
883 1245 999 1275 veteris

322 1292 464 1312 nominis
494 1284 658 1314 memoria.
689 1283 768 1313 Vide
794 1284 875 1314 inter
898 1284 998 1314 Testi-

322 1321 433 1351 monia
452 1323 603 1352 Veterum
630 1322 790 1360 epistolam
810 1347 818 1359 ,
846 1333 938 1361 quam
962 1325 999 1353 de

322 1359 450 1390 succino
473 1362 506 1390 ὃ(
534 1361 593 1391 hoc
612 1362 715 1392 Taciti
743 1362 816 1392 loco
838 1363 877 1392 ad
890 1362 999 1394 AEstios

322 1398 437 1437 scripsit
453 1399 670 1431 Theodoricus
685 1411 748 1432 rex.

347 1443 373 1507 83
397 1439 602 1478 suevorum]
633 1441 680 1471 De
699 1441 813 1480 quibus
831 1441 917 1480 supra
932 1452 998 1481 cap.

320 1553 329 1559 ,
362 1522 377 1540 4
397 1517 601 1549 Bmmmucffi
623 1521 779 1556 PRonoR]
794 1521 889 1557 Quod
902 1520 997 1556 AEstii,

320 1565 355 1584 m
379 1557 524 1586 extremis
555 1559 730 1589 Germaniae
750 1559 865 1590 finibus
886 1559 996 1598 pofiti,

321 1594 460 1637 lin-guam
470 1596 618 1635 Scythico
628 1614 640 1618 -
650 1598 805 1629 Celticam
818 1622 826 1635 ,
840 1610 905 1638 quae
918 1600 999 1637 apud

321 1633 488 1664 Britannos
514 1635 567 1666 diu
594 1636 695 1676 viguit
714 1661 722 1673 ‚
750 1638 942 1677 retinerent3
965 1648 998 1670 ut

321 1674 401 1702 refie
417 1674 561 1706 observat
581 1676 630 1706 Cl.
648 1677 837 1708 Dithmarus.

364 1717 372 1755 ξ
397 1712 538 1756 Marium
564 1726 652 1745 DEUM
675 1718 688 1753 ]
717 1718 793 1754 Quae
819 1718 896 1747 Frea
912 1740 921 1753 ,
946 1725 998 1749 aut

319 1749 432 1794 Frugeo
443 1775 450 1787 ,
463 1753 624 1784 dicebatur
635 1766 641 1784 :
652 1765 767 1786 numen
777 1756 927 1796 Scythicae
941 1758 998 1787 ori-

319 1799 421 1832 ginis,
447 1791 484 1821 de
513 1802 575 1832 quo
605 1793 719 1824 dietum
747 1795 834 1834 supra
859 1807 924 1834 cap.
948 1809 996 1834 40.

319 1829 400 1872 Vide
422 1829 454 1860 ὃ(
475 1831 523 1861 Cl.
537 1833 663 1869 Manet,
680 1834 863 1864 Introduft'ion
884 1838 899 1864 a·
916 1835 997 1876 l’His-

318 1875 388 1897 torre
408 1867 440 1897 de
458 1868 679 1910 Dauumnarrk,
700 1884 768 1913 pag.
788 1878 824 1913 56
841 1875 874 1906 ὃ(
893 1875 977 1915 seqq.

359 1908 373 1951 ‘f
395 1907 527 1940 Formas
552 1923 702 1943 APRORUM
724 1914 882 1949 ]Manent
894 1915 995 1946 adhuc

317 1944 657 1993 hujusAsuperstitionis
681 1953 779 1983 multa
804 1953 930 1992 vestigia
962 1954 995 1984 in

318 1986 426 2015 Suecia
440 2010 448 2022 ‚
463 1987 489 2016 la
503 1987 600 2018 Suede.
614 1991 748 2028 Rustici,
767 1992 823 2023 illo
840 1992 906 2031 ipso
922 2002 995 2024 tem—

317 2032 394 2067 pore
407 2035 469 2064 quo
482 2027 597 2058 sacrum
611 2030 694 2061 Freae
706 2032 810 2062 mense
820 2032 992 2064 Februario

317 2063 396 2106 ρΙιιη
412 2069 620 2105 peragebatur,
634 2080 743 2107 panem
759 2070 860 2101 formal
874 2073 970 2103 verris
983 2096 992 2109 ‚

316 2111 349 2131 m
377 2104 491 2135 multos
515 2106 734 2145 superstitiosos
760 2111 826 2140 usus
855 2121 993 2149 paratum

315 2150 524 2180 componunt.
541 2147 636 2184 Quod
653 2148 725 2178 vide
739 2150 821 2187 apud
836 2152 991 2182 eruditum

315 2180 486 2212 Eccardum
498 2206 506 2219 ,
524 2184 555 2214 de
570 2185 660 2215 Rebus
671 2186 800 2218 Franciae
821 2188 990 2228 Orienmlis,

315 2219 409 2250 Tom.
427 2222 450 2251 Ι.
467 2233 534 2262 pag.
551 2236 622 2262 409.

355 2264 368 2284 7
389 2261 483 2305 lurni}
516 2274 628 2294 Hos-res
659 2276 804 2298 PRAESTAT
832 2269 846 2305 ]
887 2268 990 2300 Tanta

312 2305 401 2328 vanae
423 2301 585 2339 religionis
604 2304 728 2334 fiducia.

355 2336 366 2356 ⁸
390 2339 576 2383 PATJEurius
598 2345 611 2380 ]
628 2345 722 2380 Quod
736 2355 801 2375 non
814 2369 823 2381 ‚
846 2353 880 2376 ut
893 2346 989 2376 ceteri

313 2375 484 2419 Germani,
512 2379 556 2413 ita
582 2383 654 2422 vagi
682 2383 835 2423 bellisque
858 2385 956 2418 dediti
979 2408 990 2425 ,

1040 1050 1091 1080 sed
1123 1050 1187 1080 loci
1218 1048 1391 1079 necestitate
1417 1047 1452 1077 in
1483 1046 1593 1077 iisdem
1627 1048 1717 1080 terris

1040 1088 1249 1120 confisterent.

1079 1133 1091 1151 ⁹
1113 1130 1184 1158 Son
1208 1138 1337 1157 ommim
1358 1130 1369 1160 ]
1388 1128 1480 1156 Nunc
1502 1127 1578 1157 vero
1602 1127 1637 1157 &
1660 1126 1715 1157 alii

1038 1166 1168 1206 aliisque
1185 1166 1217 1196 in
1238 1166 1325 1196 terris
1341 1165 1499 1195 succinum
1521 1166 1647 1203 legunt:
1665 1166 1717 1196 sed

1039 1206 1157 1244 semper
1172 1206 1220 1235 vis
1232 1205 1368 1235 maxima
1381 1205 1415 1235 ὃς
1429 1203 1548 1242 optIma
1562 1204 1596 1233 in
1610 1205 1719 1235 AEstio-

1038 1255 1106 1275 rum
1121 1244 1280 1275 litoribus.

1080 1288 1105 1300 ¹⁰
1128 1285 1316 1321 Succmun]
1333 1282 1429 1320 Quod
1441 1281 1561 1312 Gallice
1572 1282 1716 1323 dicimus,

1037 1322 1161 1352 l'Ambre
1173 1324 1270 1362 jaune.

1078 1368 1101 1382 ¹¹
1127 1363 1281 1399 Gresum]
1302 1362 1351 1392 Sic
1367 1362 1466 1393 adhuc
1480 1362 1597 1393 vitrum
1607 1385 1616 1398 ‚
1628 1361 1714 1400 quod

1037 1402 1228 1439 pellucidum
1240 1401 1276 1432 fit
1288 1425 1295 1438 ‚
1310 1411 1327 1431 a
1341 1401 1504 1432 Germanis
1523 1401 1595 1430 Glas
1610 1401 1717 1440 appel-

1036 1442 1127 1472 latur.
1147 1441 1263 1472 Plinius
1281 1450 1385 1471 autem
1402 1442 1584 1477 XXXVIII,
1608 1451 1634 1477 3.
1650 1440 1716 1470 Cer-

1036 1490 1091 1509 tum
1109 1480 1144 1520 est
1162 1481 1321 1511 succinum
1333 1481 1414 1519 gigni
1434 1481 1462 1509 in
1477 1480 1572 1518 insulis
1590 1479 1716 1516 «Sepern-

1036 1520 1164 1549 trionalis
1183 1520 1310 1556 Oceani,
1333 1520 1362 1548 ῥ’
1383 1530 1400 1548 a
1413 1519 1563 1549 Germanis
1581 1519 1717 1555 appellari

1033 1559 1141 1600 gleffizm
1152 1572 1161 1588 :
1179 1560 1269 1599 itaque
1283 1558 1312 1588 [⁷¹
1325 1569 1342 1587 a
1357 1558 1453 1598 nostris
1470 1569 1552 1588 unam
1566 1558 1715 1597 insularum

1035 1599 1066 1627 ab
1093 1599 1120 1628 id
1146 1598 1307 1639 Gleſjariam
1333 1598 1497 1635 appellatam
1510 1621 1519 1634 ‚
1546 1598 1714 1628 Germanico

1036 1638 1145 1677 Caefizre
1167 1639 1204 1668 ibz
1219 1638 1341 1677 claffibur
1361 1649 1415 1667 rem
1439 1647 1552 1677 gerente
1565 1661 1574 1675 ‚
1596 1637 1715 1676 Austra-

1035 1678 1109 1707 viam
1122 1688 1139 1706 a
1153 1677 1278 1707 barbaris
1294 1678 1401 1707 diflam.
1422 1678 1470 1708 Ibi
1482 1678 1580 1708 multa
1595 1677 1632 1707 de
1646 1677 1714 1708 suc-

1036 1718 1122 1749 cino.
1137 1720 1213 1756 Quae
1231 1718 1311 1748 inter
1321 1741 1328 1754 ‚
1342 1725 1496 1748 memorat
1515 1716 1630 1746 Plinius
1645 1726 1713 1746 ma-

1036 1758 1155 1788 ximum
1175 1758 1298 1796 pondus
1311 1758 1408 1796 glebae
1424 1756 1561 1791 succini,
1582 1757 1712 1787 Nerone

1036 1797 1177 1836 Principe
1189 1798 1317 1828 allatum
1328 1819 1337 1832 ‚
1355 1795 1441 1826 fuiffe
1458 1794 1534 1824 XIII
1550 1794 1692 1825 librarum.

1077 1842 1103 1856 ¹²
1126 1837 1285 1873 JACEBAT]
1299 1836 1387 1866 Adeo
1399 1835 1463 1865 vile
1475 1858 1485 1871 ‚
1499 1843 1532 1865 ut
1543 1835 1712 1872 Guttones,

1036 1876 1089 1916 qui
1108 1876 1186 1906 illud
1214 1875 1383 1906 aestuarium
1408 1874 1486 1905 olim
1509 1874 1712 1912 incolebant,

1032 1926 1081 1952 pro
1102 1915 1177 1955 ligno
1200 1915 1236 1944 ad
1258 1916 1349 1954 ignem
1371 1921 1531 1944 uterentur
1554 1913 1680 1944 succino
1699 1937 1711 1952 ,

1033 1955 1211 1993 proximifiyue
1242 1953 1373 1984 Teutonis
1395 1953 1572 1984 venderent
1589 1973 1599 1987 ‚
1629 1953 1712 1984 Plin.

1035 1996 1199 2031 XXXVII,
1219 2006 1248 2024 2.

1076 2039 1100 2060 ¹3
1125 2035 1279 2065 Luxuam
1294 2035 1428 2070 uosrm]
1443 2032 1520 2062 Inde
1531 2031 1616 2062 enirn
1627 2031 1709 2070 apud

1032 2074 1193 2104 Romanos
1217 2084 1233 2104 e
1254 2072 1380 2103 succino
1410 2072 1566 2107 monilia,
1599 2071 1709 2108 anuli,

1032 2113 1151 2142 nummi
1163 2113 1311 2152 ‚pocula‚
1328 2114 1453 2142 auftore
1465 2110 1566 2140 Plinio
1581 2109 1643 2140 loc.
1656 2109 1711 2153 cit.

1032 2152 1130 2182 Fuere
1143 2153 1176 2183 ὃς
1189 2152 1342 2182 columnae
1356 2174 1364 2187 ,
1385 2151 1422 2180 de
1439 2149 1550 2187 quibus
1563 2149 1710 2180 Claudia-

1031 2201 1087 2221 nus
1102 2216 1110 2227 ,
1129 2192 1167 2222 de
1187 2193 1276 2229 Rapt.
1296 2188 1467 2227 Proserpin.
1484 2189 1518 2224 Ι,
1550 2198 1607 2226 ¹54
1619 2211 1629 2225 ‚

1063 2234 1135 2259 Arria
1147 2235 1222 2266 cingit
1237 2234 1305 2260 ebur,
1322 2232 1426 2256 trabibus
1436 2232 1552 2262 fhlidatur
1566 2232 1644 2256 ahenis

1064 2269 1162 2292 Culmen
1174 2286 1179 2294 .
1197 2268 1222 2292 fs·
1238 2268 1263 2291 in
1278 2266 1349 2297 cel-[Iis
1358 2265 1460 2298 fingunt
1479 2265 1566 2289 eleflra
1580 2266 1706 2292 columnas.

1029 2308 1163 2338 Transiit
1181 2319 1308 2347 quoque
1331 2308 1363 2337 in
1385 2308 1501 2338 theatra
1522 2308 1680 2338 succinum
1697 2332 1710 2345 ,

1029 2348 1159 2378 Nerone
1181 2348 1336 2387 Principe.
1354 2347 1433 2379 Vide
1452 2347 1589 2379 Plinium
1608 2370 1619 2386 ‚
1645 2348 1709 2380 lo'c.

1028 2386 1081 2421 cit.
1097 2396 1162 2426 cap.
1182 2397 1210 2426 3ἱ

1749 804 1798 831 10
