<?xml version="1.0" encoding="UTF-8"?>
<!DOCTYPE html PUBLIC "-//W3C//DTD XHTML 1.0 Transitional//EN"
    "http://www.w3.org/TR/xhtml1/DTD/xhtml1-transitional.dtd">
<html xmlns="http://www.w3.org/1999/xhtml" xml:lang="en" lang="en">
 <head>
  <title>
</title>
<meta http-equiv="Content-Type" content="text/html;charset=utf-8" />
  <meta name='ocr-system' content='tesseract 3.04.00' />
  <meta name='ocr-capabilities' content='ocr_page ocr_carea ocr_par ocr_line ocrx_word'/>
</head>
<body>
  <div class='ocr_page' id='page_1' title='image "./operabro04taciuoft_0223.png"; bbox 0 0 1952 2708; ppageno 0'>
   <div class='ocr_carea' id='block_1_1' title="bbox 239 186 1524 236">
    <p class='ocr_par' dir='ltr' id='par_1_1' title="bbox 239 186 1524 236">
     <span class='ocr_line' id='line_1_1' title="bbox 239 186 1524 236; baseline -0.003 0"><span class='ocrx_word' id='word_1_1' title='bbox 239 192 331 236; x_wconf 92' lang='lat' dir='ltr'>AD</span> <span class='ocrx_word' id='word_1_2' title='bbox 380 186 612 233; x_wconf 84' lang='lat' dir='ltr'><strong>VITAM</strong></span> <span class='ocrx_word' id='word_1_3' title='bbox 653 188 754 229; x_wconf 90' lang='lat' dir='ltr'>CN.</span> <span class='ocrx_word' id='word_1_4' title='bbox 795 186 921 231; x_wconf 87' lang='lat' dir='ltr'>JUL.</span> <span class='ocrx_word' id='word_1_5' title='bbox 957 186 1375 232; x_wconf 81' lang='lat' dir='ltr'><strong>AGRICOLAE.</strong></span> <span class='ocrx_word' id='word_1_6' title='bbox 1440 205 1524 233; x_wconf 84' lang='lat'>211</span> 
     </span>
    </p>
   </div>
   <div class='ocr_carea' id='block_1_2' title="bbox 135 261 1537 1662">
    <p class='ocr_par' dir='ltr' id='par_1_2' title="bbox 143 261 1530 364">
     <span class='ocr_line' id='line_1_2' title="bbox 195 261 1530 310; baseline -0.004 -5"><span class='ocrx_word' id='word_1_7' title='bbox 195 271 359 307; x_wconf 80' lang='lat' dir='ltr'>IMM1xT1</span> <span class='ocrx_word' id='word_1_8' title='bbox 385 274 594 301; x_wconf 79' lang='lat' dir='ltr'>MANIPULIS</span> <span class='ocrx_word' id='word_1_9' title='bbox 619 266 638 310; x_wconf 94' lang='lat'><em>]</em></span> <span class='ocrx_word' id='word_1_10' title='bbox 667 263 767 300; x_wconf 86' lang='lat' dir='ltr'>Bene</span> <span class='ocrx_word' id='word_1_11' title='bbox 787 261 870 298; x_wconf 81' lang='lat' dir='ltr'>libri</span> <span class='ocrx_word' id='word_1_12' title='bbox 893 261 993 300; x_wconf 89' lang='lat' dir='ltr'>editi.</span> <span class='ocrx_word' id='word_1_13' title='bbox 1012 263 1110 299; x_wconf 78' lang='lat' dir='ltr'>Male</span> <span class='ocrx_word' id='word_1_14' title='bbox 1134 264 1202 301; x_wconf 85' lang='lat' dir='ltr'>Ms.</span> <span class='ocrx_word' id='word_1_15' title='bbox 1229 266 1349 305; x_wconf 76' lang='lat' dir='ltr'>Vatic,</span> <span class='ocrx_word' id='word_1_16' title='bbox 1374 268 1530 305; x_wconf 69' lang='lat' dir='ltr'>immixtis</span> 
     </span>
     <span class='ocr_line' id='line_1_3' title="bbox 143 319 326 364; baseline -0.033 -7"><span class='ocrx_word' id='word_1_17' title='bbox 143 319 326 364; x_wconf 80' lang='lat' dir='ltr'><em>manipulis.</em></span> 
     </span>
    </p>

    <p class='ocr_par' dir='ltr' id='par_1_3' title="bbox 135 362 1533 1113">
     <span class='ocr_line' id='line_1_4' title="bbox 189 362 1530 412; baseline 0.001 -9"><span class='ocrx_word' id='word_1_18' title='bbox 189 368 283 404; x_wconf 74' lang='lat' dir='ltr'>UNo</span> <span class='ocrx_word' id='word_1_19' title='bbox 315 376 572 402; x_wconf 79' lang='lat' dir='ltr'>REMIGRANTE</span> <span class='ocrx_word' id='word_1_20' title='bbox 589 368 608 411; x_wconf 92' lang='lat'>]</span> <span class='ocrx_word' id='word_1_21' title='bbox 631 363 688 400; x_wconf 89' lang='lat' dir='ltr'>Ita</span> <span class='ocrx_word' id='word_1_22' title='bbox 706 363 789 399; x_wconf 87' lang='lat' dir='ltr'>libri</span> <span class='ocrx_word' id='word_1_23' title='bbox 809 375 932 400; x_wconf 89' lang='lat' dir='ltr'>omnes</span> <span class='ocrx_word' id='word_1_24' title='bbox 950 362 1038 398; x_wconf 87' lang='lat' dir='ltr'>editi</span> <span class='ocrx_word' id='word_1_25' title='bbox 1051 390 1061 406; x_wconf 90' lang='lat'>‚</span> <span class='ocrx_word' id='word_1_26' title='bbox 1081 371 1207 412; x_wconf 71' lang='lat' dir='ltr'>prceter</span> <span class='ocrx_word' id='word_1_27' title='bbox 1224 362 1282 399; x_wconf 94' lang='lat' dir='ltr'>Cl.</span> <span class='ocrx_word' id='word_1_28' title='bbox 1300 363 1530 412; x_wconf 73' lang='lat' dir='ltr'>Lauemand,</span> 
     </span>
     <span class='ocr_line' id='line_1_5' title="bbox 142 411 1531 469; baseline -0.001 -15"><span class='ocrx_word' id='word_1_29' title='bbox 142 418 205 469; x_wconf 88' lang='lat' dir='ltr'>qui</span> <span class='ocrx_word' id='word_1_30' title='bbox 227 416 343 454; x_wconf 88' lang='lat' dir='ltr'>edidit</span> <span class='ocrx_word' id='word_1_31' title='bbox 365 419 563 464; x_wconf 77' lang='lat' dir='ltr'>remigante,</span> <span class='ocrx_word' id='word_1_32' title='bbox 590 414 684 451; x_wconf 74' lang='lat' dir='ltr'>forte</span> <span class='ocrx_word' id='word_1_33' title='bbox 710 427 898 463; x_wconf 84' lang='lat' dir='ltr'>operarum</span> <span class='ocrx_word' id='word_1_34' title='bbox 923 425 1064 450; x_wconf 87' lang='lat' dir='ltr'>errore:</span> <span class='ocrx_word' id='word_1_35' title='bbox 1090 425 1173 448; x_wconf 83' lang='lat' dir='ltr'>nam</span> <span class='ocrx_word' id='word_1_36' title='bbox 1199 411 1237 448; x_wconf 91' lang='lat' dir='ltr'>in</span> <span class='ocrx_word' id='word_1_37' title='bbox 1263 413 1359 448; x_wconf 86' lang='lat' dir='ltr'>notis</span> <span class='ocrx_word' id='word_1_38' title='bbox 1383 416 1531 454; x_wconf 74' lang='lat' dir='ltr'>minime</span> 
     </span>
     <span class='ocr_line' id='line_1_6' title="bbox 140 461 1530 515; baseline -0.004 -10"><span class='ocrx_word' id='word_1_39' title='bbox 140 478 267 505; x_wconf 88' lang='lat' dir='ltr'>monet</span> <span class='ocrx_word' id='word_1_40' title='bbox 290 467 324 503; x_wconf 88' lang='lat' dir='ltr'>se</span> <span class='ocrx_word' id='word_1_41' title='bbox 347 465 543 515; x_wconf 86' lang='lat' dir='ltr'>quidquam</span> <span class='ocrx_word' id='word_1_42' title='bbox 569 464 724 502; x_wconf 88' lang='lat' dir='ltr'>mutasse.</span> <span class='ocrx_word' id='word_1_43' title='bbox 748 466 799 501; x_wconf 86' lang='lat' dir='ltr'>At</span> <span class='ocrx_word' id='word_1_44' title='bbox 824 463 894 500; x_wconf 87' lang='lat' dir='ltr'>five</span> <span class='ocrx_word' id='word_1_45' title='bbox 919 463 1054 504; x_wconf 89' lang='lat' dir='ltr'>errori,</span> <span class='ocrx_word' id='word_1_46' title='bbox 1079 461 1149 498; x_wconf 87' lang='lat' dir='ltr'>five</span> <span class='ocrx_word' id='word_1_47' title='bbox 1177 464 1411 510; x_wconf 58' lang='lat' dir='ltr'>conjecturae,</span> <span class='ocrx_word' id='word_1_48' title='bbox 1432 465 1530 503; x_wconf 83' lang='lat' dir='ltr'>favet</span> 
     </span>
     <span class='ocr_line' id='line_1_7' title="bbox 139 513 1531 564; baseline -0.004 -8"><span class='ocrx_word' id='word_1_49' title='bbox 139 518 208 555; x_wconf 91' lang='lat' dir='ltr'>Ms.</span> <span class='ocrx_word' id='word_1_50' title='bbox 235 517 325 553; x_wconf 85' lang='lat' dir='ltr'>liber</span> <span class='ocrx_word' id='word_1_51' title='bbox 344 516 541 553; x_wconf 80' lang='lat' dir='ltr'>Vaticanus</span> <span class='ocrx_word' id='word_1_52' title='bbox 566 528 664 564; x_wconf 89' lang='grc'><strong>3429</strong></span> <span class='ocrx_word' id='word_1_53' title='bbox 682 543 691 558; x_wconf 82' lang='grc'>,</span> <span class='ocrx_word' id='word_1_54' title='bbox 720 515 781 564; x_wconf 90' lang='lat' dir='ltr'>qui</span> <span class='ocrx_word' id='word_1_55' title='bbox 805 513 914 550; x_wconf 88' lang='lat' dir='ltr'>habet</span> <span class='ocrx_word' id='word_1_56' title='bbox 933 524 1080 563; x_wconf 85' lang='lat' dir='ltr'>quoque</span> <span class='ocrx_word' id='word_1_57' title='bbox 1102 515 1289 560; x_wconf 79' lang='lat' dir='ltr'>remigante.</span> <span class='ocrx_word' id='word_1_58' title='bbox 1315 514 1351 548; x_wconf 88' lang='lat' dir='ltr'>Si</span> <span class='ocrx_word' id='word_1_59' title='bbox 1374 514 1451 563; x_wconf 85' lang='lat' dir='ltr'>quis</span> <span class='ocrx_word' id='word_1_60' title='bbox 1477 526 1531 551; x_wconf 83' lang='lat' dir='ltr'>ta-</span> 
     </span>
     <span class='ocr_line' id='line_1_8' title="bbox 141 563 1530 611; baseline -0.001 -8"><span class='ocrx_word' id='word_1_61' title='bbox 141 581 225 604; x_wconf 88' lang='lat' dir='ltr'>men</span> <span class='ocrx_word' id='word_1_62' title='bbox 245 567 290 603; x_wconf 89' lang='lat' dir='ltr'>ad</span> <span class='ocrx_word' id='word_1_63' title='bbox 315 579 431 604; x_wconf 81' lang='lat' dir='ltr'>rerum</span> <span class='ocrx_word' id='word_1_64' title='bbox 440 566 563 602; x_wconf 86' lang='lat' dir='ltr'>seriem</span> <span class='ocrx_word' id='word_1_65' title='bbox 582 565 773 601; x_wconf 84' lang='lat' dir='ltr'>attenderit</span> <span class='ocrx_word' id='word_1_66' title='bbox 787 593 796 607; x_wconf 92' lang='lat'>‚</span> <span class='ocrx_word' id='word_1_67' title='bbox 822 567 1014 611; x_wconf 83' lang='lat' dir='ltr'>remigrante</span> <span class='ocrx_word' id='word_1_68' title='bbox 1031 575 1155 599; x_wconf 85' lang='lat' dir='ltr'>verum</span> <span class='ocrx_word' id='word_1_69' title='bbox 1180 573 1221 597; x_wconf 86' lang='lat' dir='ltr'>ac</span> <span class='ocrx_word' id='word_1_70' title='bbox 1240 563 1435 610; x_wconf 84' lang='lat' dir='ltr'>genuinum</span> <span class='ocrx_word' id='word_1_71' title='bbox 1461 565 1530 602; x_wconf 81' lang='lat' dir='ltr'>effe</span> 
     </span>
     <span class='ocr_line' id='line_1_9' title="bbox 140 611 1531 666; baseline -0.004 -12"><span class='ocrx_word' id='word_1_72' title='bbox 140 617 330 666; x_wconf 82' lang='lat' dir='ltr'>judicabit.</span> <span class='ocrx_word' id='word_1_73' title='bbox 356 615 457 652; x_wconf 87' lang='lat' dir='ltr'>Hinc</span> <span class='ocrx_word' id='word_1_74' title='bbox 479 615 574 652; x_wconf 88' lang='lat' dir='ltr'>enim</span> <span class='ocrx_word' id='word_1_75' title='bbox 603 614 664 650; x_wconf 89' lang='lat' dir='ltr'>alii</span> <span class='ocrx_word' id='word_1_76' title='bbox 685 615 758 651; x_wconf 91' lang='lat' dir='ltr'>duo</span> <span class='ocrx_word' id='word_1_77' title='bbox 777 614 924 663; x_wconf 75' lang='lat' dir='ltr'>suspeffl</span> <span class='ocrx_word' id='word_1_78' title='bbox 949 617 983 650; x_wconf 72' lang='grc' dir='ltr'>ὃς</span> <span class='ocrx_word' id='word_1_79' title='bbox 1003 612 1178 649; x_wconf 61' lang='lat' dir='ltr'>interfecti</span> <span class='ocrx_word' id='word_1_80' title='bbox 1207 625 1215 647; x_wconf 90' lang='lat'><strong>:</strong></span> <span class='ocrx_word' id='word_1_81' title='bbox 1239 611 1328 648; x_wconf 91' lang='lat' dir='ltr'>hinc</span> <span class='ocrx_word' id='word_1_82' title='bbox 1366 615 1531 652; x_wconf 82' lang='lat' dir='ltr'>nondum</span> 
     </span>
     <span class='ocr_line' id='line_1_10' title="bbox 141 661 1530 716; baseline -0.003 -13"><span class='ocrx_word' id='word_1_83' title='bbox 141 668 292 716; x_wconf 85' lang='lat' dir='ltr'>vulgato</span> <span class='ocrx_word' id='word_1_84' title='bbox 310 678 476 709; x_wconf 85' lang='lat' dir='ltr'>rumore,</span> <span class='ocrx_word' id='word_1_85' title='bbox 502 675 542 701; x_wconf 89' lang='lat' dir='ltr'>ut</span> <span class='ocrx_word' id='word_1_86' title='bbox 564 664 775 701; x_wconf 83' lang='lat' dir='ltr'>miraculum</span> <span class='ocrx_word' id='word_1_87' title='bbox 800 664 1080 714; x_wconf 80' lang='lat' dir='ltr'>praevehuntur:</span> <span class='ocrx_word' id='word_1_88' title='bbox 1099 662 1187 698; x_wconf 89' lang='lat' dir='ltr'>hinc</span> <span class='ocrx_word' id='word_1_89' title='bbox 1215 661 1342 697; x_wconf 72' lang='lat' dir='ltr'>amiffae</span> <span class='ocrx_word' id='word_1_90' title='bbox 1366 675 1429 711; x_wconf 88' lang='lat' dir='ltr'>per</span> <span class='ocrx_word' id='word_1_91' title='bbox 1454 664 1530 699; x_wconf 86' lang='lat' dir='ltr'>ins-</span> 
     </span>
     <span class='ocr_line' id='line_1_11' title="bbox 143 711 1530 765; baseline -0.004 -12"><span class='ocrx_word' id='word_1_92' title='bbox 143 717 265 754; x_wconf 86' lang='lat' dir='ltr'>citiam</span> <span class='ocrx_word' id='word_1_93' title='bbox 290 715 437 765; x_wconf 86' lang='lat' dir='ltr'>regendi</span> <span class='ocrx_word' id='word_1_94' title='bbox 462 728 582 752; x_wconf 90' lang='lat' dir='ltr'>naves.</span> <span class='ocrx_word' id='word_1_95' title='bbox 600 715 815 764; x_wconf 82' lang='lat' dir='ltr'>Explicabat</span> <span class='ocrx_word' id='word_1_96' title='bbox 828 714 973 764; x_wconf 88' lang='lat' dir='ltr'>quidem</span> <span class='ocrx_word' id='word_1_97' title='bbox 985 712 1112 750; x_wconf 80' lang='lat' dir='ltr'>Illustr.</span> <span class='ocrx_word' id='word_1_98' title='bbox 1129 711 1283 748; x_wconf 87' lang='lat' dir='ltr'>Huetius</span> <span class='ocrx_word' id='word_1_99' title='bbox 1296 740 1305 756; x_wconf 90' lang='lat'>,</span> <span class='ocrx_word' id='word_1_100' title='bbox 1323 714 1404 748; x_wconf 77' lang='lat' dir='ltr'>Cum</span> <span class='ocrx_word' id='word_1_101' title='bbox 1433 726 1530 748; x_wconf 82' lang='lat' dir='ltr'>unum</span> 
     </span>
     <span class='ocr_line' id='line_1_12' title="bbox 142 763 1532 818; baseline -0.004 -15"><span class='ocrx_word' id='word_1_102' title='bbox 142 782 157 803; x_wconf 92' lang='lat' dir='ltr'>e</span> <span class='ocrx_word' id='word_1_103' title='bbox 172 767 437 818; x_wconf 79' lang='lat' dir='ltr'>gubernatoribus</span> <span class='ocrx_word' id='word_1_104' title='bbox 458 769 633 814; x_wconf 79' lang='lat' dir='ltr'>remigrare</span> <span class='ocrx_word' id='word_1_105' title='bbox 660 765 921 813; x_wconf 81' lang='lat' dir='ltr'>deprehendiffent</span> <span class='ocrx_word' id='word_1_106' title='bbox 944 791 954 808; x_wconf 93' lang='lat'>‚</span> <span class='ocrx_word' id='word_1_107' title='bbox 991 766 1045 799; x_wconf 84' lang='lat' dir='ltr'>hoc</span> <span class='ocrx_word' id='word_1_108' title='bbox 1070 763 1112 811; x_wconf 82' lang='lat' dir='ltr'>est</span> <span class='ocrx_word' id='word_1_109' title='bbox 1136 765 1246 798; x_wconf 76' lang='lat' dir='ltr'>navim</span> <span class='ocrx_word' id='word_1_110' title='bbox 1269 766 1300 798; x_wconf 80' lang='grc' dir='ltr'>εὸ</span> <span class='ocrx_word' id='word_1_111' title='bbox 1316 790 1325 805; x_wconf 87' lang='grc'>,</span> <span class='ocrx_word' id='word_1_112' title='bbox 1351 763 1430 798; x_wconf 78' lang='lat' dir='ltr'>unde</span> <span class='ocrx_word' id='word_1_113' title='bbox 1451 776 1532 809; x_wconf 83' lang='lat' dir='ltr'>pro-</span> 
     </span>
     <span class='ocr_line' id='line_1_13' title="bbox 135 813 1532 865; baseline -0.004 -12"><span class='ocrx_word' id='word_1_114' title='bbox 135 818 226 865; x_wconf 70' lang='lat' dir='ltr'>feela</span> <span class='ocrx_word' id='word_1_115' title='bbox 241 829 331 859; x_wconf 89' lang='lat' dir='ltr'>erat,</span> <span class='ocrx_word' id='word_1_116' title='bbox 355 816 521 859; x_wconf 79' lang='lat' dir='ltr'>reducere,</span> <span class='ocrx_word' id='word_1_117' title='bbox 555 817 638 851; x_wconf 80' lang='lat' dir='ltr'>alios</span> <span class='ocrx_word' id='word_1_118' title='bbox 665 817 741 852; x_wconf 87' lang='lat' dir='ltr'>duos</span> <span class='ocrx_word' id='word_1_119' title='bbox 752 816 908 863; x_wconf 65' lang='lat' dir='ltr'>suſjoeelos</span> <span class='ocrx_word' id='word_1_120' title='bbox 938 815 1070 849; x_wconf 77' lang='lat' dir='ltr'>habuere</span> <span class='ocrx_word' id='word_1_121' title='bbox 1095 827 1110 855; x_wconf 91' lang='lat'>‚·</span> <span class='ocrx_word' id='word_1_122' title='bbox 1133 824 1300 860; x_wconf 81' lang='lat' dir='ltr'>propterea</span> <span class='ocrx_word' id='word_1_123' title='bbox 1318 813 1498 860; x_wconf 82' lang='lat' dir='ltr'>interfecere</span> <span class='ocrx_word' id='word_1_124' title='bbox 1519 838 1532 857; x_wconf 79' lang='lat'><strong>,</strong></span> 
     </span>
     <span class='ocr_line' id='line_1_14' title="bbox 142 862 1530 915; baseline -0.004 -13"><span class='ocrx_word' id='word_1_125' title='bbox 142 880 236 915; x_wconf 88' lang='lat' dir='ltr'>atque</span> <span class='ocrx_word' id='word_1_126' title='bbox 256 868 355 913; x_wconf 70' lang='lat' dir='ltr'>ipsum</span> <span class='ocrx_word' id='word_1_127' title='bbox 375 868 472 901; x_wconf 84' lang='lat' dir='ltr'>eriam</span> <span class='ocrx_word' id='word_1_128' title='bbox 495 868 548 914; x_wconf 84' lang='lat' dir='ltr'>qui</span> <span class='ocrx_word' id='word_1_129' title='bbox 563 868 736 915; x_wconf 82' lang='lat' dir='ltr'>remigrare</span> <span class='ocrx_word' id='word_1_130' title='bbox 751 867 903 912; x_wconf 80' lang='lat' dir='ltr'>parabat.</span> <span class='ocrx_word' id='word_1_131' title='bbox 927 864 976 900; x_wconf 88' lang='lat' dir='ltr'>At</span> <span class='ocrx_word' id='word_1_132' title='bbox 998 863 1202 911; x_wconf 79' lang='lat' dir='ltr'>verifinzilius</span> <span class='ocrx_word' id='word_1_133' title='bbox 1225 863 1266 910; x_wconf 86' lang='lat' dir='ltr'>est</span> <span class='ocrx_word' id='word_1_134' title='bbox 1282 889 1291 905; x_wconf 90' lang='lat'>‚</span> <span class='ocrx_word' id='word_1_135' title='bbox 1324 863 1442 913; x_wconf 87' lang='lat' dir='ltr'>inquit</span> <span class='ocrx_word' id='word_1_136' title='bbox 1470 862 1530 898; x_wconf 91' lang='lat' dir='ltr'>Pi-</span> 
     </span>
     <span class='ocr_line' id='line_1_15' title="bbox 144 913 1533 964; baseline -0.004 -11"><span class='ocrx_word' id='word_1_137' title='bbox 144 917 260 953; x_wconf 87' lang='lat' dir='ltr'>chena</span> <span class='ocrx_word' id='word_1_138' title='bbox 275 945 284 960; x_wconf 89' lang='lat'><strong>,</strong></span> <span class='ocrx_word' id='word_1_139' title='bbox 308 917 426 959; x_wconf 87' lang='lat' dir='ltr'>illum,</span> <span class='ocrx_word' id='word_1_140' title='bbox 456 928 625 964; x_wconf 74' lang='lat' dir='ltr'>antequam</span> <span class='ocrx_word' id='word_1_141' title='bbox 650 929 691 952; x_wconf 83' lang='lat' dir='ltr'>ex</span> <span class='ocrx_word' id='word_1_142' title='bbox 705 927 801 963; x_wconf 84' lang='lat' dir='ltr'>portu</span> <span class='ocrx_word' id='word_1_143' title='bbox 811 916 975 962; x_wconf 75' lang='lat' dir='ltr'>solverent</span> <span class='ocrx_word' id='word_1_144' title='bbox 992 942 1002 957; x_wconf 85' lang='lat'>,</span> <span class='ocrx_word' id='word_1_145' title='bbox 1029 914 1162 960; x_wconf 71' lang='lat' dir='ltr'>clarnse</span> <span class='ocrx_word' id='word_1_146' title='bbox 1178 913 1360 962; x_wconf 77' lang='lat' dir='ltr'>subduxiſje</span> <span class='ocrx_word' id='word_1_147' title='bbox 1379 941 1388 956; x_wconf 90' lang='lat'>‚</span> <span class='ocrx_word' id='word_1_148' title='bbox 1419 926 1456 948; x_wconf 86' lang='lat' dir='ltr'>ac</span> <span class='ocrx_word' id='word_1_149' title='bbox 1480 913 1533 948; x_wconf 80' lang='lat' dir='ltr'>do-</span> 
     </span>
     <span class='ocr_line' id='line_1_16' title="bbox 143 962 1532 1014; baseline -0.002 -13"><span class='ocrx_word' id='word_1_150' title='bbox 143 981 230 1002; x_wconf 87' lang='lat' dir='ltr'>mum</span> <span class='ocrx_word' id='word_1_151' title='bbox 251 967 358 1001; x_wconf 78' lang='lat' dir='ltr'>versus</span> <span class='ocrx_word' id='word_1_152' title='bbox 384 966 536 1014; x_wconf 80' lang='lat' dir='ltr'>remeasse.</span> <span class='ocrx_word' id='word_1_153' title='bbox 568 968 655 1001; x_wconf 87' lang='lat' dir='ltr'>Nam</span> <span class='ocrx_word' id='word_1_154' title='bbox 684 967 760 1001; x_wconf 85' lang='lat' dir='ltr'>duos</span> <span class='ocrx_word' id='word_1_155' title='bbox 776 977 902 1001; x_wconf 85' lang='lat' dir='ltr'>tantum</span> <span class='ocrx_word' id='word_1_156' title='bbox 929 965 1039 1012; x_wconf 78' lang='lat' dir='ltr'>occisos</span> <span class='ocrx_word' id='word_1_157' title='bbox 1067 975 1209 1010; x_wconf 83' lang='lat' dir='ltr'>apparet.</span> <span class='ocrx_word' id='word_1_158' title='bbox 1244 962 1303 998; x_wconf 84' lang='lat' dir='ltr'>Sic</span> <span class='ocrx_word' id='word_1_159' title='bbox 1328 963 1434 999; x_wconf 86' lang='lat' dir='ltr'>vertit</span> <span class='ocrx_word' id='word_1_160' title='bbox 1473 962 1532 998; x_wconf 89' lang='lat' dir='ltr'>Cl.</span> 
     </span>
     <span class='ocr_line' id='line_1_17' title="bbox 145 1012 1533 1063; baseline -0.004 -10"><span class='ocrx_word' id='word_1_161' title='bbox 145 1016 301 1053; x_wconf 72' lang='lat' dir='ltr'>Gor-don</span> <span class='ocrx_word' id='word_1_162' title='bbox 313 1044 322 1060; x_wconf 90' lang='lat'><strong>,</strong></span> <span class='ocrx_word' id='word_1_163' title='bbox 340 1015 495 1061; x_wconf 80' lang='lat' dir='ltr'>andfince</span> <span class='ocrx_word' id='word_1_164' title='bbox 510 1029 566 1051; x_wconf 89' lang='lat' dir='ltr'>one</span> <span class='ocrx_word' id='word_1_165' title='bbox 580 1016 618 1063; x_wconf 81' lang='lat' dir='ltr'>of</span> <span class='ocrx_word' id='word_1_166' title='bbox 631 1016 710 1062; x_wconf 84' lang='lat' dir='ltr'>these</span> <span class='ocrx_word' id='word_1_167' title='bbox 719 1015 850 1063; x_wconf 78' lang='lat' dir='ltr'>forfhok</span> <span class='ocrx_word' id='word_1_168' title='bbox 873 1017 956 1050; x_wconf 84' lang='lat' dir='ltr'>tlzenz</span> <span class='ocrx_word' id='word_1_169' title='bbox 977 1014 1041 1048; x_wconf 76' lang='lat' dir='ltr'>and</span> <span class='ocrx_word' id='word_1_170' title='bbox 1057 1013 1130 1061; x_wconf 84' lang='lat' dir='ltr'>fled</span> <span class='ocrx_word' id='word_1_171' title='bbox 1145 1026 1237 1062; x_wconf 82' lang='lat' dir='ltr'>away</span> <span class='ocrx_word' id='word_1_172' title='bbox 1255 1039 1264 1054; x_wconf 91' lang='lat'>‚</span> <span class='ocrx_word' id='word_1_173' title='bbox 1288 1014 1357 1062; x_wconf 84' lang='lat' dir='ltr'>tlzey</span> <span class='ocrx_word' id='word_1_174' title='bbox 1371 1012 1533 1061; x_wconf 55' lang='lat' dir='ltr'>ficffiee‘led</span> 
     </span>
     <span class='ocr_line' id='line_1_18' title="bbox 144 1062 1421 1113; baseline -0.003 -11"><span class='ocrx_word' id='word_1_175' title='bbox 144 1068 209 1102; x_wconf 89' lang='lat' dir='ltr'>and</span> <span class='ocrx_word' id='word_1_176' title='bbox 233 1067 383 1113; x_wconf 81' lang='lat' dir='ltr'>therefore</span> <span class='ocrx_word' id='word_1_177' title='bbox 400 1064 498 1100; x_wconf 81' lang='lat' dir='ltr'>killed</span> <span class='ocrx_word' id='word_1_178' title='bbox 517 1067 566 1100; x_wconf 80' lang='lat' dir='ltr'>the</span> <span class='ocrx_word' id='word_1_179' title='bbox 585 1068 671 1101; x_wconf 85' lang='lat' dir='ltr'>other</span> <span class='ocrx_word' id='word_1_180' title='bbox 696 1077 770 1101; x_wconf 83' lang='lat' dir='ltr'>two.</span> <span class='ocrx_word' id='word_1_181' title='bbox 800 1064 940 1101; x_wconf 88' lang='lat' dir='ltr'>Eodem</span> <span class='ocrx_word' id='word_1_182' title='bbox 956 1063 1055 1100; x_wconf 88' lang='lat' dir='ltr'>sensu</span> <span class='ocrx_word' id='word_1_183' title='bbox 1079 1063 1186 1100; x_wconf 91' lang='lat' dir='ltr'>ceteri</span> <span class='ocrx_word' id='word_1_184' title='bbox 1201 1062 1421 1110; x_wconf 81' lang='lat' dir='ltr'>interpretes.</span> 
     </span>
    </p>

    <p class='ocr_par' dir='ltr' id='par_1_4' title="bbox 147 1113 1537 1362">
     <span class='ocr_line' id='line_1_19' title="bbox 199 1113 1533 1164; baseline -0.004 -12"><span class='ocrx_word' id='word_1_185' title='bbox 199 1115 578 1161; x_wconf 74' lang='lat' dir='ltr'>PROVEHEBANTUR]</span> <span class='ocrx_word' id='word_1_186' title='bbox 608 1115 664 1151; x_wconf 88' lang='lat' dir='ltr'>Ita</span> <span class='ocrx_word' id='word_1_187' title='bbox 676 1115 823 1164; x_wconf 87' lang='lat' dir='ltr'>quidem</span> <span class='ocrx_word' id='word_1_188' title='bbox 840 1114 923 1150; x_wconf 83' lang='lat' dir='ltr'>libri</span> <span class='ocrx_word' id='word_1_189' title='bbox 945 1113 1044 1150; x_wconf 84' lang='lat' dir='ltr'>editi.</span> <span class='ocrx_word' id='word_1_190' title='bbox 1068 1113 1114 1148; x_wconf 88' lang='lat' dir='ltr'>At</span> <span class='ocrx_word' id='word_1_191' title='bbox 1137 1113 1176 1148; x_wconf 89' lang='lat' dir='ltr'>in</span> <span class='ocrx_word' id='word_1_192' title='bbox 1188 1113 1266 1148; x_wconf 87' lang='lat' dir='ltr'><strong>Mss.</strong></span> <span class='ocrx_word' id='word_1_193' title='bbox 1282 1113 1533 1159; x_wconf 61' lang='lat' dir='ltr'>Vaticpraevc-</span> 
     </span>
     <span class='ocr_line' id='line_1_20' title="bbox 147 1162 1535 1212; baseline -0.004 -10"><span class='ocrx_word' id='word_1_194' title='bbox 147 1167 326 1207; x_wconf 69' lang='lat' dir='ltr'>labarum,-</span> <span class='ocrx_word' id='word_1_195' title='bbox 353 1168 386 1201; x_wconf 87' lang='lat'>&amp;</span> <span class='ocrx_word' id='word_1_196' title='bbox 406 1165 444 1200; x_wconf 91' lang='lat' dir='ltr'>in</span> <span class='ocrx_word' id='word_1_197' title='bbox 462 1164 620 1212; x_wconf 82' lang='lat' dir='ltr'>margine</span> <span class='ocrx_word' id='word_1_198' title='bbox 645 1165 712 1200; x_wconf 87' lang='lat' dir='ltr'>Ms.</span> <span class='ocrx_word' id='word_1_199' title='bbox 725 1165 843 1202; x_wconf 85' lang='lat' dir='ltr'>Vatic.</span> <span class='ocrx_word' id='word_1_200' title='bbox 870 1176 966 1212; x_wconf 90' lang='grc'><strong>3429</strong></span> <span class='ocrx_word' id='word_1_201' title='bbox 982 1192 990 1206; x_wconf 94' lang='grc'><strong>,</strong></span> <span class='ocrx_word' id='word_1_202' title='bbox 1011 1162 1173 1198; x_wconf 86' lang='lat' dir='ltr'>additum</span> <span class='ocrx_word' id='word_1_203' title='bbox 1187 1191 1196 1206; x_wconf 91' lang='lat'>‚</span> <span class='ocrx_word' id='word_1_204' title='bbox 1224 1164 1306 1198; x_wconf 88' lang='lat' dir='ltr'>alius</span> <span class='ocrx_word' id='word_1_205' title='bbox 1324 1163 1432 1199; x_wconf 89' lang='lat' dir='ltr'>habet</span> <span class='ocrx_word' id='word_1_206' title='bbox 1446 1175 1535 1209; x_wconf 81' lang='lat' dir='ltr'>prae-</span> 
     </span>
     <span class='ocr_line' id='line_1_21' title="bbox 148 1212 1536 1263; baseline -0.003 -12"><span class='ocrx_word' id='word_1_207' title='bbox 148 1217 310 1251; x_wconf 85' lang='lat' dir='ltr'>bebantur.</span> <span class='ocrx_word' id='word_1_208' title='bbox 333 1214 441 1250; x_wconf 71' lang='lat' dir='ltr'>Certe</span> <span class='ocrx_word' id='word_1_209' title='bbox 467 1214 614 1250; x_wconf 75' lang='lat' dir='ltr'>minime</span> <span class='ocrx_word' id='word_1_210' title='bbox 638 1214 820 1263; x_wconf 84' lang='lat' dir='ltr'>inelegans</span> <span class='ocrx_word' id='word_1_211' title='bbox 843 1214 936 1250; x_wconf 90' lang='lat' dir='ltr'>foret</span> <span class='ocrx_word' id='word_1_212' title='bbox 959 1214 1109 1250; x_wconf 87' lang='lat' dir='ltr'>verbum</span> <span class='ocrx_word' id='word_1_213' title='bbox 1131 1214 1285 1259; x_wconf 65' lang='lat' dir='ltr'>praevehi.</span> <span class='ocrx_word' id='word_1_214' title='bbox 1311 1212 1536 1248; x_wconf 80' lang='lat' dir='ltr'>Britanniam</span> 
     </span>
     <span class='ocr_line' id='line_1_22' title="bbox 149 1261 1537 1314; baseline -0.004 -12"><span class='ocrx_word' id='word_1_215' title='bbox 149 1267 247 1302; x_wconf 89' lang='lat' dir='ltr'>enim</span> <span class='ocrx_word' id='word_1_216' title='bbox 268 1263 575 1314; x_wconf 78' lang='lat' dir='ltr'>praevehebantur.</span> <span class='ocrx_word' id='word_1_217' title='bbox 603 1264 662 1300; x_wconf 84' lang='lat' dir='ltr'>Sic</span> <span class='ocrx_word' id='word_1_218' title='bbox 678 1264 809 1300; x_wconf 62' lang='lat' dir='ltr'>dicium</span> <span class='ocrx_word' id='word_1_219' title='bbox 823 1262 957 1300; x_wconf 88' lang='lat' dir='ltr'>Annal.</span> <span class='ocrx_word' id='word_1_220' title='bbox 986 1263 1043 1308; x_wconf 83' lang='lat' dir='ltr'>ll,</span> <span class='ocrx_word' id='word_1_221' title='bbox 1072 1262 1118 1306; x_wconf 83' lang='lat'>6,</span> <span class='ocrx_word' id='word_1_222' title='bbox 1144 1263 1206 1310; x_wconf 77' lang='lat' dir='ltr'>quei</span> <span class='ocrx_word' id='word_1_223' title='bbox 1228 1261 1372 1299; x_wconf 81' lang='lat' dir='ltr'>Rhenus</span> <span class='ocrx_word' id='word_1_224' title='bbox 1397 1263 1537 1298; x_wconf 85' lang='lat' dir='ltr'>Germa-</span> 
     </span>
     <span class='ocr_line' id='line_1_23' title="bbox 149 1316 465 1362; baseline -0.009 -11"><span class='ocrx_word' id='word_1_225' title='bbox 149 1319 239 1351; x_wconf 83' lang='lat' dir='ltr'>niam</span> <span class='ocrx_word' id='word_1_226' title='bbox 259 1316 465 1362; x_wconf 68' lang='lat' dir='ltr'>praeuehitur.</span> 
     </span>
    </p>

    <p class='ocr_par' dir='ltr' id='par_1_5' title="bbox 147 1360 1536 1466">
     <span class='ocr_line' id='line_1_24' title="bbox 202 1360 1536 1410; baseline -0.005 -8"><span class='ocrx_word' id='word_1_227' title='bbox 202 1365 297 1402; x_wconf 85' lang='lat' dir='ltr'>Mox</span> <span class='ocrx_word' id='word_1_228' title='bbox 320 1375 398 1399; x_wconf 76' lang='lat' dir='ltr'>HAG</span> <span class='ocrx_word' id='word_1_229' title='bbox 420 1374 551 1405; x_wconf 79' lang='lat' dir='ltr'><strong>ATQUE</strong></span> <span class='ocrx_word' id='word_1_230' title='bbox 578 1374 669 1399; x_wconf 74' lang='lat' dir='ltr'>ILLA</span> <span class='ocrx_word' id='word_1_231' title='bbox 701 1374 844 1407; x_wconf 79' lang='lat' dir='ltr'>RAPT1,</span> <span class='ocrx_word' id='word_1_232' title='bbox 870 1375 921 1398; x_wconf 81' lang='lat' dir='ltr'>ET</span> <span class='ocrx_word' id='word_1_233' title='bbox 945 1373 1026 1398; x_wconf 82' lang='lat' dir='ltr'>CUM</span> <span class='ocrx_word' id='word_1_234' title='bbox 1050 1365 1068 1408; x_wconf 94' lang='lat'>]</span> <span class='ocrx_word' id='word_1_235' title='bbox 1102 1360 1285 1410; x_wconf 71' lang='lat' dir='ltr'>Corruptc</span> <span class='ocrx_word' id='word_1_236' title='bbox 1315 1361 1382 1397; x_wconf 87' lang='lat' dir='ltr'>Ms.</span> <span class='ocrx_word' id='word_1_237' title='bbox 1414 1360 1536 1398; x_wconf 85' lang='lat' dir='ltr'>Vatic.</span> 
     </span>
     <span class='ocr_line' id='line_1_25' title="bbox 147 1412 1440 1466; baseline -0.005 -14"><span class='ocrx_word' id='word_1_238' title='bbox 147 1427 248 1466; x_wconf 88' lang='grc'><strong>3429</strong></span> <span class='ocrx_word' id='word_1_239' title='bbox 272 1418 306 1451; x_wconf 91' lang='lat'>&amp;</span> <span class='ocrx_word' id='word_1_240' title='bbox 322 1413 500 1450; x_wconf 86' lang='lat' dir='ltr'>editiones</span> <span class='ocrx_word' id='word_1_241' title='bbox 521 1423 658 1450; x_wconf 88' lang='lat' dir='ltr'>veteres</span> <span class='ocrx_word' id='word_1_242' title='bbox 675 1439 685 1455; x_wconf 86' lang='lat'>‚</span> <span class='ocrx_word' id='word_1_243' title='bbox 714 1426 789 1448; x_wconf 84' lang='lat' dir='ltr'>mox</span> <span class='ocrx_word' id='word_1_244' title='bbox 806 1414 847 1448; x_wconf 88' lang='lat' dir='ltr'>ad</span> <span class='ocrx_word' id='word_1_245' title='bbox 862 1426 977 1461; x_wconf 84' lang='lat' dir='ltr'>aquam</span> <span class='ocrx_word' id='word_1_246' title='bbox 996 1423 1089 1459; x_wconf 84' lang='lat' dir='ltr'>atque</span> <span class='ocrx_word' id='word_1_247' title='bbox 1104 1423 1138 1446; x_wconf 87' lang='lat' dir='ltr'>ut</span> <span class='ocrx_word' id='word_1_248' title='bbox 1154 1413 1212 1446; x_wconf 85' lang='lat' dir='ltr'>illa</span> <span class='ocrx_word' id='word_1_249' title='bbox 1231 1412 1440 1458; x_wconf 81' lang='lat' dir='ltr'>raptisecum.</span> 
     </span>
    </p>

    <p class='ocr_par' dir='ltr' id='par_1_6' title="bbox 153 1460 1535 1565">
     <span class='ocr_line' id='line_1_26' title="bbox 197 1460 1535 1511; baseline -0.002 -10"><span class='ocrx_word' id='word_1_250' title='bbox 197 1465 274 1502; x_wconf 79' lang='lat' dir='ltr'>SUA</span> <span class='ocrx_word' id='word_1_251' title='bbox 302 1475 601 1500; x_wconf 79' lang='lat' dir='ltr'>DEFENSANTIUM</span> <span class='ocrx_word' id='word_1_252' title='bbox 626 1467 643 1508; x_wconf 89' lang='lat'><em>]</em></span> <span class='ocrx_word' id='word_1_253' title='bbox 685 1462 909 1511; x_wconf 82' lang='lat' dir='ltr'>Pomponius</span> <span class='ocrx_word' id='word_1_254' title='bbox 936 1462 1053 1497; x_wconf 81' lang='lat' dir='ltr'>Laetus</span> <span class='ocrx_word' id='word_1_255' title='bbox 1086 1461 1124 1497; x_wconf 91' lang='lat' dir='ltr'>in</span> <span class='ocrx_word' id='word_1_256' title='bbox 1141 1460 1302 1510; x_wconf 86' lang='lat' dir='ltr'>margine</span> <span class='ocrx_word' id='word_1_257' title='bbox 1327 1461 1392 1496; x_wconf 89' lang='lat' dir='ltr'>Ms.</span> <span class='ocrx_word' id='word_1_258' title='bbox 1415 1460 1535 1498; x_wconf 85' lang='lat' dir='ltr'>Vatic.</span> 
     </span>
     <span class='ocr_line' id='line_1_27' title="bbox 153 1511 1092 1565; baseline -0.004 -15"><span class='ocrx_word' id='word_1_259' title='bbox 153 1527 253 1565; x_wconf 79' lang='lat'><strong>3429</strong></span> <span class='ocrx_word' id='word_1_260' title='bbox 278 1513 479 1561; x_wconf 79' lang='lat' dir='ltr'>adscripsit,</span> <span class='ocrx_word' id='word_1_261' title='bbox 502 1514 630 1559; x_wconf 81' lang='lat' dir='ltr'>utsua‚·</span> <span class='ocrx_word' id='word_1_262' title='bbox 659 1512 759 1562; x_wconf 69' lang='lat' dir='ltr'>quod</span> <span class='ocrx_word' id='word_1_263' title='bbox 779 1513 824 1548; x_wconf 85' lang='lat' dir='ltr'>sic</span> <span class='ocrx_word' id='word_1_264' title='bbox 842 1512 904 1560; x_wconf 76' lang='lat' dir='ltr'>ipsi</span> <span class='ocrx_word' id='word_1_265' title='bbox 923 1511 1092 1560; x_wconf 85' lang='lat' dir='ltr'>placeret.</span> 
     </span>
    </p>

    <p class='ocr_par' dir='ltr' id='par_1_7' title="bbox 153 1559 1537 1662">
     <span class='ocr_line' id='line_1_28' title="bbox 202 1559 1537 1609; baseline -0.005 -8"><span class='ocrx_word' id='word_1_266' title='bbox 202 1565 475 1601; x_wconf 62' lang='lat' dir='ltr'>Cmcumvecn</span> <span class='ocrx_word' id='word_1_267' title='bbox 499 1562 782 1608; x_wconf 61' lang='lat' dir='ltr'>BffluNNmM]</span> <span class='ocrx_word' id='word_1_268' title='bbox 817 1563 869 1598; x_wconf 86' lang='lat' dir='ltr'>Ut</span> <span class='ocrx_word' id='word_1_269' title='bbox 882 1574 1052 1609; x_wconf 77' lang='lat' dir='ltr'>magnum</span> <span class='ocrx_word' id='word_1_270' title='bbox 1075 1573 1116 1596; x_wconf 90' lang='lat' dir='ltr'>ac</span> <span class='ocrx_word' id='word_1_271' title='bbox 1139 1559 1374 1596; x_wconf 85' lang='lat' dir='ltr'>memorabile</span> <span class='ocrx_word' id='word_1_272' title='bbox 1387 1559 1537 1608; x_wconf 85' lang='lat' dir='ltr'>Ufipio-</span> 
     </span>
     <span class='ocr_line' id='line_1_29' title="bbox 153 1610 1453 1662; baseline -0.005 -10"><span class='ocrx_word' id='word_1_273' title='bbox 153 1627 233 1655; x_wconf 72' lang='lat' dir='ltr'>xum</span> <span class='ocrx_word' id='word_1_274' title='bbox 247 1614 383 1651; x_wconf 87' lang='lat' dir='ltr'>facinus</span> <span class='ocrx_word' id='word_1_275' title='bbox 398 1612 601 1649; x_wconf 83' lang='lat' dir='ltr'>innotescat</span> <span class='ocrx_word' id='word_1_276' title='bbox 616 1643 624 1655; x_wconf 91' lang='lat'><em>‚</em></span> <span class='ocrx_word' id='word_1_277' title='bbox 649 1611 859 1662; x_wconf 75' lang='lat' dir='ltr'>diligentius</span> <span class='ocrx_word' id='word_1_278' title='bbox 873 1610 1096 1662; x_wconf 84' lang='lat' dir='ltr'>exploranda</span> <span class='ocrx_word' id='word_1_279' title='bbox 1108 1623 1235 1647; x_wconf 85' lang='lat' dir='ltr'>eorum</span> <span class='ocrx_word' id='word_1_280' title='bbox 1251 1610 1453 1660; x_wconf 83' lang='lat' dir='ltr'>navigatio.</span> 
     </span>
    </p>
   </div>
   <div class='ocr_carea' id='block_1_3' title="bbox 200 1733 1502 1787">
    <p class='ocr_par' dir='ltr' id='par_1_8' title="bbox 200 1733 1502 1787">
     <span class='ocr_line' id='line_1_30' title="bbox 200 1733 1502 1787; baseline -0.005 0"><span class='ocrx_word' id='word_1_281' title='bbox 200 1737 286 1787; x_wconf 87' lang='lat' dir='ltr'>De</span> <span class='ocrx_word' id='word_1_282' title='bbox 318 1738 371 1786; x_wconf 89' lang='lat' dir='ltr'><em>U</em></span> <span class='ocrx_word' id='word_1_283' title='bbox 367 1753 485 1787; x_wconf 86' lang='lat' dir='ltr'><em>SIPI</em></span> <span class='ocrx_word' id='word_1_284' title='bbox 489 1753 559 1786; x_wconf 86' lang='lat' dir='ltr'>OR</span> <span class='ocrx_word' id='word_1_285' title='bbox 571 1753 664 1787; x_wconf 74' lang='grc' dir='ltr'>ΠΜ</span> <span class='ocrx_word' id='word_1_286' title='bbox 701 1738 870 1786; x_wconf 83' lang='lat' dir='ltr'>colzorre</span> <span class='ocrx_word' id='word_1_287' title='bbox 885 1735 1176 1785; x_wconf 77' lang='lat' dir='ltr'>Britanniam</span> <span class='ocrx_word' id='word_1_288' title='bbox 1197 1733 1502 1784; x_wconf 62' lang='lat' dir='ltr'>circumvecZi.</span> 
     </span>
    </p>
   </div>
   <div class='ocr_carea' id='block_1_4' title="bbox 152 1861 1541 2464">
    <p class='ocr_par' dir='ltr' id='par_1_9' title="bbox 152 1861 1541 2464">
     <span class='ocr_line' id='line_1_31' title="bbox 206 1861 1538 1916; baseline -0.003 -12"><span class='ocrx_word' id='word_1_289' title='bbox 206 1867 432 1904; x_wconf 78' lang='lat' dir='ltr'>COHORTEM</span> <span class='ocrx_word' id='word_1_290' title='bbox 457 1869 554 1903; x_wconf 85' lang='lat' dir='ltr'>illam</span> <span class='ocrx_word' id='word_1_291' title='bbox 571 1867 780 1916; x_wconf 87' lang='lat' dir='ltr'>Ufipiorum</span> <span class='ocrx_word' id='word_1_292' title='bbox 796 1880 839 1903; x_wconf 81' lang='lat' dir='ltr'>ex</span> <span class='ocrx_word' id='word_1_293' title='bbox 857 1866 1089 1904; x_wconf 83' lang='lat' dir='ltr'>Occidentali</span> <span class='ocrx_word' id='word_1_294' title='bbox 1107 1865 1301 1902; x_wconf 71' lang='lat' dir='ltr'>Britannice</span> <span class='ocrx_word' id='word_1_295' title='bbox 1320 1863 1383 1900; x_wconf 64' lang='lat' dir='ltr'>orei</span> <span class='ocrx_word' id='word_1_296' title='bbox 1397 1861 1538 1900; x_wconf 73' lang='lat' dir='ltr'>solvisse</span> 
     </span>
     <span class='ocr_line' id='line_1_32' title="bbox 153 1916 1538 1966; baseline -0.004 -14"><span class='ocrx_word' id='word_1_297' title='bbox 153 1916 272 1952; x_wconf 84' lang='lat' dir='ltr'>innuit</span> <span class='ocrx_word' id='word_1_298' title='bbox 290 1917 437 1953; x_wconf 84' lang='lat' dir='ltr'>Tacitus</span> <span class='ocrx_word' id='word_1_299' title='bbox 450 1946 460 1961; x_wconf 88' lang='lat'>‚</span> <span class='ocrx_word' id='word_1_300' title='bbox 486 1918 596 1954; x_wconf 84' lang='lat' dir='ltr'>docet</span> <span class='ocrx_word' id='word_1_301' title='bbox 614 1918 691 1954; x_wconf 93' lang='lat' dir='ltr'>Dio</span> <span class='ocrx_word' id='word_1_302' title='bbox 705 1945 714 1960; x_wconf 86' lang='lat'>,</span> <span class='ocrx_word' id='word_1_303' title='bbox 734 1916 865 1954; x_wconf 80' lang='lat' dir='ltr'><strong>LXVI.</strong></span> <span class='ocrx_word' id='word_1_304' title='bbox 886 1930 968 1966; x_wconf 82' lang='lat' dir='ltr'>pag.</span> <span class='ocrx_word' id='word_1_305' title='bbox 991 1930 1080 1964; x_wconf 77' lang='lat'>754.</span> <span class='ocrx_word' id='word_1_306' title='bbox 1110 1920 1343 1960; x_wconf 64' lang='grc' dir='ltr'>Ἐξαναχθέντες</span> <span class='ocrx_word' id='word_1_307' title='bbox 1368 1918 1538 1962; x_wconf 68' lang='grc' dir='ltr'><em>περιέπλευ-</em></span> 
     </span>
     <span class='ocr_line' id='line_1_33' title="bbox 152 1963 1538 2016; baseline -0.004 -14"><span class='ocrx_word' id='word_1_308' title='bbox 152 1985 205 2005; x_wconf 71' lang='grc' dir='ltr'>σαν</span> <span class='ocrx_word' id='word_1_309' title='bbox 231 1967 273 2002; x_wconf 68' lang='grc' dir='ltr'>τοὶ</span> <span class='ocrx_word' id='word_1_310' title='bbox 299 1971 364 2015; x_wconf 71' lang='grc' dir='ltr'>πρὸς</span> <span class='ocrx_word' id='word_1_311' title='bbox 389 1974 509 2016; x_wconf 66' lang='grc' dir='ltr'>ἑσπέραν</span> <span class='ocrx_word' id='word_1_312' title='bbox 534 1974 627 2007; x_wconf 60' lang='grc' dir='ltr'>αὐτῆς</span> <span class='ocrx_word' id='word_1_313' title='bbox 649 1970 880 2016; x_wconf 71' lang='grc' dir='ltr'>(ΒρετἿανίσις).</span> <span class='ocrx_word' id='word_1_314' title='bbox 909 1969 993 2002; x_wconf 73' lang='lat' dir='ltr'>Erat</span> <span class='ocrx_word' id='word_1_315' title='bbox 1018 1967 1101 2002; x_wconf 53' lang='lat' dir='ltr'>sane}</span> <span class='ocrx_word' id='word_1_316' title='bbox 1127 1979 1171 2003; x_wconf 84' lang='lat' dir='ltr'>eX</span> <span class='ocrx_word' id='word_1_317' title='bbox 1194 1965 1236 2000; x_wconf 81' lang='lat' dir='ltr'>llS</span> <span class='ocrx_word' id='word_1_318' title='bbox 1261 1963 1377 2012; x_wconf 77' lang='lat' dir='ltr'>copiis</span> <span class='ocrx_word' id='word_1_319' title='bbox 1405 1991 1415 2006; x_wconf 87' lang='lat'>‚</span> <span class='ocrx_word' id='word_1_320' title='bbox 1451 1974 1538 2011; x_wconf 77' lang='lat' dir='ltr'>quas</span> 
     </span>
     <span class='ocr_line' id='line_1_34' title="bbox 153 2012 1538 2066; baseline -0.005 -13"><span class='ocrx_word' id='word_1_321' title='bbox 153 2016 332 2066; x_wconf 84' lang='lat' dir='ltr'>Agricola</span> <span class='ocrx_word' id='word_1_322' title='bbox 358 2016 565 2053; x_wconf 83' lang='lat' dir='ltr'>instruxerat</span> <span class='ocrx_word' id='word_1_323' title='bbox 593 2017 630 2052; x_wconf 90' lang='lat' dir='ltr'>in</span> <span class='ocrx_word' id='word_1_324' title='bbox 655 2017 698 2053; x_wconf 64' lang='lat' dir='ltr'>ea</span> <span class='ocrx_word' id='word_1_325' title='bbox 721 2017 916 2052; x_wconf 66' lang='lat' dir='ltr'>Britannice</span> <span class='ocrx_word' id='word_1_326' title='bbox 944 2028 1068 2065; x_wconf 80' lang='lat' dir='ltr'>parte,</span> <span class='ocrx_word' id='word_1_327' title='bbox 1095 2028 1173 2064; x_wconf 77' lang='lat' dir='ltr'>quae</span> <span class='ocrx_word' id='word_1_328' title='bbox 1187 2013 1403 2050; x_wconf 82' lang='lat' dir='ltr'>Hiberniam</span> <span class='ocrx_word' id='word_1_329' title='bbox 1426 2012 1538 2061; x_wconf 89' lang='lat' dir='ltr'>respi-</span> 
     </span>
     <span class='ocr_line' id='line_1_35' title="bbox 154 2061 1534 2115; baseline -0.003 -14"><span class='ocrx_word' id='word_1_330' title='bbox 154 2067 225 2105; x_wconf 73' lang='lat' dir='ltr'>cit,</span> <span class='ocrx_word' id='word_1_331' title='bbox 253 2077 293 2102; x_wconf 85' lang='lat' dir='ltr'>ut</span> <span class='ocrx_word' id='word_1_332' title='bbox 318 2065 449 2102; x_wconf 61' lang='lat' dir='ltr'>dietum</span> <span class='ocrx_word' id='word_1_333' title='bbox 472 2065 520 2102; x_wconf 89' lang='lat' dir='ltr'>est</span> <span class='ocrx_word' id='word_1_334' title='bbox 548 2066 651 2115; x_wconf 73' lang='lat' dir='ltr'>supra</span> <span class='ocrx_word' id='word_1_335' title='bbox 672 2079 750 2115; x_wconf 88' lang='lat' dir='ltr'>cap.</span> <span class='ocrx_word' id='word_1_336' title='bbox 772 2079 832 2114; x_wconf 81' lang='grc'>24.</span> <span class='ocrx_word' id='word_1_337' title='bbox 853 2066 942 2103; x_wconf 88' lang='lat' dir='ltr'>Tres</span> <span class='ocrx_word' id='word_1_338' title='bbox 956 2065 1150 2102; x_wconf 79' lang='lat' dir='ltr'>liburnicas</span> <span class='ocrx_word' id='word_1_339' title='bbox 1169 2064 1291 2100; x_wconf 83' lang='lat' dir='ltr'>furtim</span> <span class='ocrx_word' id='word_1_340' title='bbox 1315 2061 1505 2099; x_wconf 75' lang='lat' dir='ltr'>ascendere</span> <span class='ocrx_word' id='word_1_341' title='bbox 1523 2088 1534 2105; x_wconf 94' lang='lat'>‚</span> 
     </span>
     <span class='ocr_line' id='line_1_36' title="bbox 153 2111 1539 2165; baseline -0.004 -14"><span class='ocrx_word' id='word_1_342' title='bbox 153 2116 254 2152; x_wconf 67' lang='lat' dir='ltr'>nulla</span> <span class='ocrx_word' id='word_1_343' title='bbox 271 2115 467 2164; x_wconf 80' lang='lat' dir='ltr'>navigandi</span> <span class='ocrx_word' id='word_1_344' title='bbox 495 2126 568 2152; x_wconf 86' lang='lat' dir='ltr'>arte</span> <span class='ocrx_word' id='word_1_345' title='bbox 595 2143 604 2159; x_wconf 84' lang='lat'>,</span> <span class='ocrx_word' id='word_1_346' title='bbox 633 2119 667 2152; x_wconf 67' lang='grc' dir='ltr'>ὃς</span> <span class='ocrx_word' id='word_1_347' title='bbox 702 2117 744 2152; x_wconf 69' lang='lat' dir='ltr'>ea</span> <span class='ocrx_word' id='word_1_348' title='bbox 772 2126 898 2159; x_wconf 59' lang='lat' dir='ltr'>aetate,</span> <span class='ocrx_word' id='word_1_349' title='bbox 927 2117 998 2165; x_wconf 66' lang='lat' dir='ltr'>qua</span> <span class='ocrx_word' id='word_1_350' title='bbox 1011 2115 1072 2153; x_wconf 87' lang='lat' dir='ltr'>vel</span> <span class='ocrx_word' id='word_1_351' title='bbox 1088 2115 1179 2151; x_wconf 89' lang='lat' dir='ltr'>inter</span> <span class='ocrx_word' id='word_1_352' title='bbox 1206 2113 1341 2163; x_wconf 87' lang='lat' dir='ltr'>peritos</span> <span class='ocrx_word' id='word_1_353' title='bbox 1368 2122 1442 2149; x_wconf 85' lang='lat' dir='ltr'>erat</span> <span class='ocrx_word' id='word_1_354' title='bbox 1461 2111 1539 2148; x_wconf 78' lang='lat' dir='ltr'>exi-</span> 
     </span>
     <span class='ocr_line' id='line_1_37' title="bbox 153 2163 1537 2216; baseline -0.004 -14"><span class='ocrx_word' id='word_1_355' title='bbox 153 2179 234 2216; x_wconf 87' lang='lat' dir='ltr'>gua.</span> <span class='ocrx_word' id='word_1_356' title='bbox 265 2165 442 2202; x_wconf 85' lang='lat' dir='ltr'>Hacillac</span> <span class='ocrx_word' id='word_1_357' title='bbox 456 2165 547 2215; x_wconf 85' lang='lat' dir='ltr'>rapti</span> <span class='ocrx_word' id='word_1_358' title='bbox 567 2193 576 2208; x_wconf 89' lang='lat'>‚</span> <span class='ocrx_word' id='word_1_359' title='bbox 602 2175 641 2201; x_wconf 88' lang='lat' dir='ltr'>ut</span> <span class='ocrx_word' id='word_1_360' title='bbox 667 2166 790 2201; x_wconf 71' lang='lat' dir='ltr'>fluetus</span> <span class='ocrx_word' id='word_1_361' title='bbox 808 2166 1007 2216; x_wconf 78' lang='lat' dir='ltr'>ventusque</span> <span class='ocrx_word' id='word_1_362' title='bbox 1034 2178 1096 2202; x_wconf 93' lang='lat' dir='ltr'>eos</span> <span class='ocrx_word' id='word_1_363' title='bbox 1123 2164 1257 2201; x_wconf 83' lang='lat' dir='ltr'>ferebat</span> <span class='ocrx_word' id='word_1_364' title='bbox 1279 2191 1290 2207; x_wconf 83' lang='lat'>‚</span> <span class='ocrx_word' id='word_1_365' title='bbox 1319 2163 1355 2202; x_wconf 71' lang='grc' dir='ltr'>ὥς</span> <span class='ocrx_word' id='word_1_366' title='bbox 1378 2180 1420 2198; x_wconf 68' lang='lat' dir='ltr'>m&lt;</span> <span class='ocrx_word' id='word_1_367' title='bbox 1446 2165 1479 2197; x_wconf 84' lang='grc' dir='ltr'>τό</span> <span class='ocrx_word' id='word_1_368' title='bbox 1503 2178 1537 2197; x_wconf 67' lang='grc' dir='ltr'>τε</span> 
     </span>
     <span class='ocr_line' id='line_1_38' title="bbox 154 2210 1537 2265; baseline -0.004 -14"><span class='ocrx_word' id='word_1_369' title='bbox 154 2223 239 2260; x_wconf 58' lang='grc' dir='ltr'>κῦμα</span> <span class='ocrx_word' id='word_1_370' title='bbox 257 2244 266 2258; x_wconf 80' lang='lat'>,</span> <span class='ocrx_word' id='word_1_371' title='bbox 296 2216 322 2253; x_wconf 62' lang='grc' dir='ltr'>(ὲ</span> <span class='ocrx_word' id='word_1_372' title='bbox 343 2222 355 2251; x_wconf 84' lang='grc' dir='ltr'>ὁ</span> <span class='ocrx_word' id='word_1_373' title='bbox 379 2216 485 2260; x_wconf 57' lang='grc' dir='ltr'>ἄνεμος</span> <span class='ocrx_word' id='word_1_374' title='bbox 508 2216 605 2254; x_wconf 45' lang='lat' dir='ltr'>aare}</span> <span class='ocrx_word' id='word_1_375' title='bbox 619 2220 693 2265; x_wconf 57' lang='lat' dir='ltr'>{pape</span> <span class='ocrx_word' id='word_1_376' title='bbox 725 2244 734 2257; x_wconf 91' lang='lat'>,</span> <span class='ocrx_word' id='word_1_377' title='bbox 767 2215 844 2251; x_wconf 89' lang='lat' dir='ltr'>Dio</span> <span class='ocrx_word' id='word_1_378' title='bbox 864 2216 952 2252; x_wconf 89' lang='lat' dir='ltr'>ibid.</span> <span class='ocrx_word' id='word_1_379' title='bbox 974 2215 1094 2253; x_wconf 74' lang='lat' dir='ltr'>versus</span> <span class='ocrx_word' id='word_1_380' title='bbox 1109 2212 1445 2264; x_wconf 85' lang='lat' dir='ltr'>Septemtrionalem</span> <span class='ocrx_word' id='word_1_381' title='bbox 1461 2210 1537 2246; x_wconf 91' lang='lat' dir='ltr'>Bri-</span> 
     </span>
     <span class='ocr_line' id='line_1_39' title="bbox 154 2263 1538 2316; baseline -0.002 -16"><span class='ocrx_word' id='word_1_382' title='bbox 154 2266 285 2302; x_wconf 79' lang='lat' dir='ltr'>tanniae</span> <span class='ocrx_word' id='word_1_383' title='bbox 318 2277 455 2314; x_wconf 86' lang='lat' dir='ltr'>partem</span> <span class='ocrx_word' id='word_1_384' title='bbox 486 2265 649 2301; x_wconf 87' lang='lat' dir='ltr'>tendunt.</span> <span class='ocrx_word' id='word_1_385' title='bbox 681 2266 774 2301; x_wconf 76' lang='lat' dir='ltr'>Cum</span> <span class='ocrx_word' id='word_1_386' title='bbox 799 2278 899 2301; x_wconf 89' lang='lat' dir='ltr'>oram</span> <span class='ocrx_word' id='word_1_387' title='bbox 922 2266 1082 2316; x_wconf 85' lang='lat' dir='ltr'>legerent</span> <span class='ocrx_word' id='word_1_388' title='bbox 1100 2293 1110 2309; x_wconf 80' lang='lat'>‚</span> <span class='ocrx_word' id='word_1_389' title='bbox 1132 2277 1199 2302; x_wconf 87' lang='lat' dir='ltr'>nec</span> <span class='ocrx_word' id='word_1_390' title='bbox 1221 2263 1418 2300; x_wconf 86' lang='lat' dir='ltr'>sufficerent</span> <span class='ocrx_word' id='word_1_391' title='bbox 1440 2273 1538 2298; x_wconf 88' lang='lat' dir='ltr'>com-</span> 
     </span>
     <span class='ocr_line' id='line_1_40' title="bbox 156 2311 1539 2365; baseline -0.004 -15"><span class='ocrx_word' id='word_1_392' title='bbox 156 2326 289 2351; x_wconf 88' lang='lat' dir='ltr'>meatus</span> <span class='ocrx_word' id='word_1_393' title='bbox 304 2343 313 2359; x_wconf 93' lang='lat'>‚</span> <span class='ocrx_word' id='word_1_394' title='bbox 340 2315 514 2363; x_wconf 79' lang='lat' dir='ltr'>congressi</span> <span class='ocrx_word' id='word_1_395' title='bbox 536 2315 617 2351; x_wconf 83' lang='lat' dir='ltr'>sunt</span> <span class='ocrx_word' id='word_1_396' title='bbox 637 2328 717 2351; x_wconf 88' lang='lat' dir='ltr'>cum</span> <span class='ocrx_word' id='word_1_397' title='bbox 736 2314 912 2365; x_wconf 85' lang='lat' dir='ltr'>plerisque</span> <span class='ocrx_word' id='word_1_398' title='bbox 928 2316 1201 2358; x_wconf 85' lang='lat' dir='ltr'>Britannorum,</span> <span class='ocrx_word' id='word_1_399' title='bbox 1229 2326 1357 2362; x_wconf 89' lang='lat' dir='ltr'>nempe</span> <span class='ocrx_word' id='word_1_400' title='bbox 1380 2324 1460 2348; x_wconf 88' lang='lat' dir='ltr'>eum</span> <span class='ocrx_word' id='word_1_401' title='bbox 1487 2311 1539 2345; x_wconf 58' lang='lat' dir='ltr'>in«</span> 
     </span>
     <span class='ocr_line' id='line_1_41' title="bbox 157 2363 1535 2415; baseline -0.004 -15"><span class='ocrx_word' id='word_1_402' title='bbox 157 2364 248 2400; x_wconf 86' lang='lat' dir='ltr'>colis</span> <span class='ocrx_word' id='word_1_403' title='bbox 269 2365 558 2413; x_wconf 85' lang='lat' dir='ltr'>provinciarum,</span> <span class='ocrx_word' id='word_1_404' title='bbox 589 2378 674 2415; x_wconf 85' lang='lat' dir='ltr'>quas</span> <span class='ocrx_word' id='word_1_405' title='bbox 689 2378 786 2402; x_wconf 90' lang='lat' dir='ltr'>nunc</span> <span class='ocrx_word' id='word_1_406' title='bbox 801 2365 954 2402; x_wconf 84' lang='lat' dir='ltr'>dicimus</span> <span class='ocrx_word' id='word_1_407' title='bbox 973 2365 1184 2402; x_wconf 80' lang='lat' dir='ltr'>Curnberland</span> <span class='ocrx_word' id='word_1_408' title='bbox 1200 2395 1209 2407; x_wconf 92' lang='lat'>‚</span> <span class='ocrx_word' id='word_1_409' title='bbox 1236 2365 1408 2411; x_wconf 79' lang='lat' dir='ltr'>Galloway</span> <span class='ocrx_word' id='word_1_410' title='bbox 1421 2389 1429 2404; x_wconf 89' lang='lat'>‚</span> <span class='ocrx_word' id='word_1_411' title='bbox 1449 2363 1535 2395; x_wconf 60' lang='lat' dir='ltr'>Can-2·</span> 
     </span>
     <span class='ocr_line' id='line_1_42' title="bbox 153 2408 1541 2464; baseline -0.005 -12"><span class='ocrx_word' id='word_1_412' title='bbox 153 2416 237 2460; x_wconf 79' lang='lat' dir='ltr'>tire,</span> <span class='ocrx_word' id='word_1_413' title='bbox 253 2416 394 2464; x_wconf 83' lang='lat' dir='ltr'>Argyll‚</span> <span class='ocrx_word' id='word_1_414' title='bbox 415 2416 596 2464; x_wconf 60' lang='lat' dir='ltr'>haeraesi,</span> <span class='ocrx_word' id='word_1_415' title='bbox 615 2418 846 2454; x_wconf 83' lang='lat' dir='ltr'>Strathnavern</span> <span class='ocrx_word' id='word_1_416' title='bbox 870 2447 878 2460; x_wconf 95' lang='lat'>,</span> <span class='ocrx_word' id='word_1_417' title='bbox 909 2419 977 2454; x_wconf 68' lang='grc' dir='ltr'>δίε.</span> <span class='ocrx_word' id='word_1_418' title='bbox 1003 2415 1100 2454; x_wconf 78' lang='lat' dir='ltr'>Cum</span> <span class='ocrx_word' id='word_1_419' title='bbox 1128 2426 1324 2454; x_wconf 84' lang='lat' dir='ltr'>extremum</span> <span class='ocrx_word' id='word_1_420' title='bbox 1348 2411 1470 2448; x_wconf 80' lang='lat' dir='ltr'>insulae</span> <span class='ocrx_word' id='word_1_421' title='bbox 1492 2408 1541 2445; x_wconf 82' lang='lat' dir='ltr'>fic.</span> 
     </span>
    </p>
   </div>
   <div class='ocr_carea' id='block_1_5' title="bbox 1204 2483 1339 2542">
    <p class='ocr_par' dir='ltr' id='par_1_10' title="bbox 1204 2483 1339 2542">
     <span class='ocr_line' id='line_1_43' title="bbox 1204 2483 1339 2542; baseline -0.052 -13"><span class='ocrx_word' id='word_1_422' title='bbox 1204 2486 1285 2528; x_wconf 77' lang='lat' dir='ltr'>Dd</span> <span class='ocrx_word' id='word_1_423' title='bbox 1313 2483 1339 2542; x_wconf 62' lang='lat' dir='ltr'>{j</span> 
     </span>
    </p>
   </div>
  </div>
 </body>
</html>
