1952 2708
363 190 445 219 100

612 175 662 215 C.
722 173 1135 217 CORNELII
1189 173 1472 218 TACITI

421 254 646 298 XXXIV.
687 272 709 293 α
734 257 782 296 31
808 271 919 297 novae
942 269 1082 312 gentes
1109 270 1227 312 atque
1251 258 1390 313 ignota
1412 257 1518 299 acies
1543 255 1742 300 constitis-

354 320 474 367 »set3
503 318 672 361 aliorum
700 321 949 360 exercituum
977 319 1172 375 exemplis
1198 335 1269 361 vos
1294 322 1495 361 hortarer:
1521 337 1630 364 nunc
1655 323 1743 363 ves-

355 396 448 423 »tra
482 383 629 424 decora
656 382 887 433 recensete,
914 383 1062 424 vestros
1088 381 1230 423 oculos
1257 384 1515 438 interrogate.
1547 385 1582 424 Ii
1610 386 1700 426 sunt
1726 414 1742 436 ,

354 462 378 483 2>
389 461 487 500 quos
513 446 699 502 proximo
721 461 853 496 anno,
879 459 1001 486 unam
1025 445 1231 500 legionem
1259 450 1270 466 ¹
1301 445 1409 485 furto
1436 447 1562 487 noffis
1589 447 1742 502 adgres-

353 509 449 549 >›sos
463 538 477 559 ,
506 507 683 550 clamore
703 508 945 550 debellastis:
968 509 997 548 ii
1018 522 1245 550 ceterorum
1263 508 1547 549 Britannorum
1568 509 1742 564 fugacis-
1766 522 1791 562 ς

351 571 492 612 »Γιηιὶε
519 572 692 626 ideoque
719 572 871 613 tamdiu
893 571 1128 627 superstites.
1157 571 1380 626 Quomodo
1406 571 1518 612 silvas
1544 572 1744 627 saltusque

353 635 715 690 »penetrantibus,
748 634 998 675 fortissimum
1035 634 1222 689 quodque
1250 633 1397 676 animal
1431 634 1572 676 contra
1599 650 1744 687 ruere,

351 698 528 753 »pavida
553 703 592 739 &
621 699 763 738 inertia
782 698 870 753 ipso
895 698 1063 752 agminis
1087 698 1187 738 sono
1212 702 1226 719 ²
1243 696 1473 754 pelluntur3
1490 699 1542 740 fic
1558 699 1741 739 acerrimi

352 761 672 801 »Britannorum
696 759 776 813 jam
801 761 955 817 pridem
985 760 1243 802 ceciderunt:
1270 759 1445 815 reliquus
1474 763 1527 802 est
1552 775 1741 803 numerus

346 824 617 878 »ignavorum
653 828 693 865 ὅ(
717 825 1007 865 metuentium:
1036 839 1135 879 quos
1168 824 1276 879 quod
1312 825 1474 865 tandem
1508 826 1739 876 invenistis,
1770 839 1824 868 ιο

350 901 373 924 ³>
385 901 467 927 non
496 888 719 928 restiterunt
747 893 788 938 ³,
816 887 883 928 sed
907 888 1139 943 deprehensi
1164 888 1255 929 sunt
1277 888 1496 928 noviffimi:
1525 903 1586 930 res
1612 892 1652 929 ὅ(
1675 903 1740 929 ex-

349 964 372 987 >)
383 962 512 991 tremo
543 965 655 992 metu
683 956 701 979 4
727 965 897 1006 corpora
931 950 1104 992 defixere
1139 951 1181 990 in
1212 953 1273 991 his
1300 953 1499 1006 vestigiis,
1528 953 1569 992 in
1597 950 1739 1006 quibus

348 1012 595 1068 »pulchram
621 1018 660 1055 ὃ(
685 1012 938 1070 ΐρεὲἲεὼίΙθιῃ
960 1015 1167 1054 νὶἃοτίειη]
1189 1014 1371 1055 ederetis.
1392 1014 1616 1069 Tranligite
1646 1029 1740 1056 cum

345 1076 703 1130 »expeditionibus
728 1106 742 1126 ‚
783 1078 981 1132 imponite
1018 1078 1305 1131 quinquaginta
1344 1079 1455 1118 annis
1491 1083 1503 1108 5
1547 1091 1740 1132 magnum

347 1152 368 1173 ιι
381 1137 514 1187 diem,
543 1139 760 1195 adprobate
798 1137 1027 1194 reipublicae
1059 1154 1276 1193 numquam
1317 1141 1512 1181 exercitui
1550 1142 1739 1196 imputari

345 1201 549 1256 »potuisse
565 1231 578 1251 ,
608 1216 675 1243 aut
698 1216 830 1243 moras
853 1200 980 1252 belli,
1009 1216 1076 1244 aut
1102 1203 1237 1244 causas
1258 1201 1481 1244 rebellandi
1505 1201 1523 1225 ⁶
1547 1221 1590 1243 ».

411 1263 611 1306 XXXV.
645 1264 713 1305 ΕΤ
747 1263 991 1318 adloquente
1027 1266 1159 1306 adhuc
1191 1263 1387 1320 Agricola
1413 1265 1587 1307 militum
1619 1266 1737 1308 ardor

345 1326 575 1377 eminebat,
605 1331 647 1368 ὃ(
669 1328 789 1367 finem
813 1328 1004 1368 orationis
1032 1330 1172 1383 ingens
1195 1328 1377 1370 alacritas
1407 1330 1624 1370 consecuta
1648 1331 1702 1370 est
1720 1359 1735 1380 ‚

343 1389 551 1443 statimque
576 1390 625 1431 ad
650 1405 757 1431 arma
775 1390 1007 1432 discursum.
1027 1392 1235 1432 Instinfims
1255 1392 1492 1446 ruentesque
1519 1394 1574 1433 ita
1598 1392 1735 1448 dispo-

343 1451 420 1493 suit
444 1458 489 1504 ⁷,
515 1466 559 1493 ut
595 1454 775 1510 peditum
796 1453 969 1505 auxilia,
997 1469 1080 1508 quae
1107 1457 1198 1497 0610
1235 1454 1364 1497 millia
1393 1469 1530 1507 erant,
1557 1456 1731 1497 mediam

382 1595 391 1609 ¹
417 1591 513 1621 UNAM
546 1598 732 1628 temonem]
770 1593 1018 1633 Nonamlegio-

341 1638 434 1667 nem;
451 1638 486 1660 ut
504 1630 639 1662 vidimus
650 1632 737 1672 supra
748 1644 813 1672 cap.
832 1638 878 1664 26.

381 1671 390 1684 ²
414 1671 553 1700 AGMnus
577 1675 677 1710 sono]
701 1674 772 1703 Haec
789 1673 827 1703 de
839 1673 1016 1712 hominum,

341 1717 496 1746 equorum
512 1733 520 1745 ,
547 1720 659 1740 canum
679 1712 803 1751 agmine
817 1713 970 1752 intellige.

383 1752 392 1772 3
418 1747 492 1777 Nou
520 1755 763 1787 REsrirERuxr]
791 1753 831 1782 Ut
853 1753 1016 1783 Romanos

343 1795 570 1825 oppugnarent.

380 1829 395 1848 4
416 1826 477 1855 Res
501 1838 539 1856 ET
562 1839 713 1860 EXTREMO
737 1831 846 1867 Μετυ]
862 1830 1017 1861 VideNo-

340 1871 384 1894 tas
395 1864 428 1895 ὃς
442 1866 685 1898 Emendationes
702 1869 740 1898 ad
753 1879 818 1908 cap.
838 1879 885 1906 34.

355 1942 362 1947 ³
383 1909 391 1930 5
418 1905 665 1941 QuiuQuAGmrA
688 1913 797 1942 Arnus]
820 1909 915 1939 Aulus
931 1908 1016 1939 Plau-

339 1949 398 1986 tius
412 1966 421 1979 ‚
447 1954 524 1974 mox
549 1945 698 1976 Claudius
713 1946 775 1985 ipse
787 1969 795 1982 ,
820 1948 993 1986 Imperator
1006 1970 1014 1983 ‚

338 1981 792 2027 Britannicamexpeditionem
801 1985 1014 2025 susceperean-

337 2029 381 2050 no
395 2023 483 2052 Urb1s
493 2024 629 2055 conditae
646 2035 809 2063 Dccxcv13
824 2035 859 2056 ac
879 2026 1013 2064 proinde

335 2059 376 2088 ad
392 2059 473 2091 hunc
493 2072 608 2093 annum
619 2066 654 2094 U.
668 2066 705 2094 C.
722 2075 938 2097 mcccxxxvm
952 2076 1011 2095 nu-

337 2108 494 2130 merantur
508 2105 627 2132 tantum
637 2104 710 2134 anni
721 2115 770 2141 42.
782 2105 838 2134 Hic
849 2114 922 2143 ergo
935 2105 1013 2143 quin—

337 2139 470 2182 quaginta
484 2141 568 2169 annis·
591 2142 675 2172 idem
698 2143 738 2172 est
752 2167 760 2180 ‚
782 2152 816 2173 ac
828 2142 916 2180 ferme
934 2144 1012 2183 quin-

335 2186 469 2216 quaginta
487 2181 579 2210 annis.

377 2218 390 2235 ⁶
413 2219 482 2247 Aur
505 2230 616 2250 CAUSAS
641 2222 858 2257 neamenim]
879 2222 1011 2252 Probare

337 2263 440 2286 moras
464 2258 540 2286 belli
562 2269 599 2288 ex
623 2259 765 2290 locorum
793 2260 972 2291 difficultate
1000 2285 1010 2296 ,

336 2295 436 2338 causas
456 2297 628 2327 rebellandi
652 2309 689 2328 ex
712 2299 885 2330 incolarum
900 2299 1010 2330 indole

336 2332 423 2364 fuisse
446 2335 605 2373 profer‘las.

373 2379 389 2416 7ι
405 2374 460 2403 ITA
480 2386 642 2406 DISPOSUIT
659 2378 671 2413 ]
703 2378 762 2407 Hic
782 2378 906 2408 videtur
921 2377 1008 2407 fuisse

331 2412 488 2451 utriusque
519 2415 670 2447 exercitus
701 2417 792 2448 ordo,
814 2419 869 2448 Per
886 2417 1006 2448 acclive

1056 1594 1174 1625 montis
1189 1593 1330 1632 Grampii
1350 1594 1456 1633 jugum
1474 1593 1650 1633 insurgebat
1663 1603 1732 1625 ma-

1056 1634 1139 1664 xima
1158 1633 1380 1664 Britannorum
1402 1643 1468 1672 pars
1490 1644 1497 1662 :
1524 1634 1657 1672 primurn
1671 1644 1733 1664 eo-

1057 1684 1124 1703 rum
1137 1683 1248 1712 agmen
1266 1672 1346 1703 infra
1358 1682 1500 1703 montem
1520 1683 1528 1702 :
1552 1682 1660 1703 eorum
1677 1683 1733 1704 co-

1056 1713 1171 1742 vinarii
1185 1713 1218 1743 δί
1231 1712 1352 1751 equites
1364 1712 1468 1742 media
1486 1712 1585 1750 campi
1597 1713 1734 1750 comple-

1055 1753 1140 1782 bant.
1168 1751 1327 1782 Exercitus
1354 1760 1457 1781 autem
1474 1750 1610 1781 Romani
1629 1751 1732 1782 media

1054 1791 1136 1822 acies
1155 1791 1315 1822 constabat
1341 1790 1481 1829 pediturn
1505 1789 1629 1820 auxiliis
1642 1812 1650 1825 ‚
1669 1800 1732 1820 nu-

1054 1841 1142 1861 mero
1163 1833 1234 1860 octo
1251 1829 1389 1860 millibus
1403 1840 1410 1859 :
1425 1828 1565 1867 equitum
1583 1828 1641 1858 tria
1653 1829 1731 1859 mil-

1055 1869 1097 1900 lia
1113 1869 1262 1900 cornibus
1282 1869 1375 1899 affusa
1388 1880 1394 1899 :
1408 1869 1472 1907 post
1499 1868 1615 1898 auxilia
1636 1868 1731 1907 Agri⁴

1054 1909 1124 1939 cola
1134 1909 1228 1939 stabat
1243 1909 1335 1946 pedes
1347 1916 1418 1938 ante
1433 1907 1549 1938 vexilla
1562 1918 1568 1937 :
1581 1916 1664 1937 retro
1679 1908 1729 1938 le-

1053 1947 1161 1986 giones
1174 1949 1342 1984 Romanae,
1364 1956 1436 1977 ante
1458 1947 1576 1977 vallum
1597 1946 1729 1984 dispost-

1053 1995 1088 2017 tae
1111 1998 1118 2016 :
1140 1987 1173 2017 in
1191 1987 1354 2026 legionum
1381 1986 1519 2025 vallique
1550 1985 1695 2016 lateribus
1716 2009 1728 2023 ‚

1052 2026 1192 2065 equitum
1213 2034 1347 2065 quatuor
1363 2026 1417 2055 alae
1430 2026 1468 2056 ad
1480 2024 1579 2055 subita
1598 2025 1674 2055 belli
1682 2035 1729 2055 re·

1051 2074 1154 2096 tentae.
1179 2065 1340 2096 Exercitus
1362 2065 1405 2095 sui
1438 2064 1565 2095 ordines
1601 2063 1727 2095 diduxit

1051 2105 1197 2144 Agricola
1207 2129 1215 2141 ‚
1230 2115 1269 2135 ne
1283 2104 1370 2135 frons
1384 2103 1468 2134 foret
1484 2103 1648 2142 angustior.
1663 2104 1728 2133 Lo-

1050 2155 1101 2174 cus
1114 2153 1217 2175 autem
1227 2154 1335 2183 pugnae
1344 2143 1404 2174 fuit
1415 2144 1447 2172 in
1462 2142 1625 2181 provincia
1632 2141 1725 2186 §rfat-

1051 2183 1136 2221 lzern,
1157 2194 1254 2222 prope
1283 2184 1407 2217 locum,
1429 2181 1483 2219 qui
1510 2191 1592 2211 nunc
1609 2181 1725 2211 dicitur

1051 2222 1123 2251 Kirle
1141 2223 1174 2260 os
1185 2222 1327 2257 Comme,
1351 2220 1471 2250 Gallice
1492 2219 1603 2259 Z'Eglzft
1622 2219 1654 2248 de
1666 2220 1723 2249 Co-

1049 2262 1141 2291 merie.
1161 2261 1208 2291 Ibi
1225 2260 1341 2291 exstant
1354 2259 1453 2289 adhuc
1468 2259 1530 2289 duo
1546 2259 1636 2289 castra
1652 2260 1723 2290 Ro-

1049 2311 1138 2330 mana
1151 2322 1160 2335 ,
1180 2310 1246 2339 quae
1262 2298 1389 2329 exhibet
1411 2298 1548 2328 eruditus
1561 2299 1695 2328 Gordon
1710 2322 1721 2336 ‚

1048 2337 1462 2374 Irinerariumseptentrionale,
1474 2337 1594 2367 Tabula
1607 2340 1641 2367 V.
1656 2339 1720 2368 Ne-

1048 2388 1107 2417 que
1131 2378 1171 2408 est
1197 2378 1283 2416 quod
1299 2377 1453 2415 objiciant
1472 2377 1561 2406 castra
1578 2377 1630 2406 illa
1654 2377 1719 2406 mi-

1047 2427 1124 2451 nora
1150 2416 1208 2448 effe
1219 2440 1229 2456 ‚
1244 2417 1337 2457 quam
1351 2425 1384 2449 ut
1405 2416 1555 2449 exercitui
1571 2417 1718 2447 Romano

1768 1151 1816 1192 15

1758 1462 1819 1501 20]
