1952 2708
399 149 487 188 304.
689 129 1496 173 SUPPL·EMENTUM

260 237 373 248 ——-
394 212 535 266 injeeca
562 212 758 269 purpurea
786 212 999 267 chlamyde
1027 210 1178 264 serica,
1203 228 1298 253 auro
1323 212 1570 268 gemmisque
1592 209 1785 251 intertex-

258 272 371 296 A·U·C·
394 277 461 327 ta,
493 274 680 330 quercicz‘i
717 275 869 317 corona
905 282 914 298 ¹
957 291 1139 330 equoque
1170 275 1378 331 phalerato
1408 275 1598 328 insignis,
1627 275 1784 324 securi,

277 327 352 398 739}
395 338 503 380 cetra
535 344 550 360 ²
585 355 633 380 ac
666 338 802 394 gladio
833 340 996 388 minax,
1032 351 1198 394 pontem
1227 339 1334 379 Baiis
1368 338 1601 392 ingreditur.
1633 338 1784 391 Longo

291 431 340 459 39-
394 404 534 444 ordine
561 404 712 456 equites
742 402 973 458 peditesque
1005 403 1251 441 hortatorem
1276 401 1658 454 monstratoremque
1685 399 1784 441 belli

392 467 623 521 Principem
650 465 806 515 secuti,
841 463 1089 518 fulgentibus
1127 464 1274 517 signis,
1307 463 1517 516 trucesque
1555 463 1702 513 vultu,
1732 462 1782 503 ad

391 527 654 570 Puteolorum
686 527 931 569 obsidionem
968 539 1195 581 properant.
1222 525 1433 581 Oppidum
1469 524 1625 576 adorti,
1657 523 1783 565 multa

392 590 631 637 velitatione
649 620 662 641 ‚
680 591 944 643 omnibusque
973 588 1070 628 belli
1095 589 1335 643 imaginibus
1361 601 1609 643 expugnant,

454 655 562 695 XII.
597 656 640 695 N
650 667 772 694 ULLA
795 652 901 693 urbis
927 651 1078 692 deditio
1105 650 1322 703 majoribus
1352 649 1552 691 celebrata
1571 648 1752 692 laudibus
1773 667 1783 691 z

390 733 469 759 nec
496 731 632 758 tamen
660 716 836 757 adulatio
864 716 1082 756 vanitatem
1110 716 1305 770 Principis
1331 713 1584 769 supergressa.
1610 715 1666 754 Ut
1694 712 1782 754 bel-

390 780 512 822 licam
540 782 754 829 virtutem‚
793 781 847 819 ita
876 779 1184 832 fatigationem,
1216 778 1436 827 mentitus,
1466 775 1665 830 reliquum
1702 776 1782 818 diei

390 844 617 884 recreandis
633 842 780 883 viribus
799 842 1023 897 absumpsit.
1051 842 1213 881 Postero
1240 841 1303 881 die
1321 845 1330 868 ³
1351 869 1364 889 ,
1392 839 1441 880 ad
1456 854 1580 880 novas
1596 839 1782 881 libidines

391 906 589 955 alacrior,
615 905 778 946 militari
805 903 951 961 pompa
974 904 1164 958 regreffus
1193 905 1258 944 est.
1280 903 1369 943 Ibat
1394 902 1645 958 quadrigario
1671 902 1784 943 habi-

392 982 438 1009 tu
463 975 506 1020 4,
539 969 605 1009 sed
631 966 768 1010 tunica
796 966 938 1017 aurea,
975 965 1102 1021 bijugi
1131 967 1376 1007 famosorum
1419 980 1614 1019 equorum
1656 967 1784 1006 curri-

395 1031 490 1073 culo
506 1061 519 1081 ,
543 1033 712 1072 Darium
739 1036 752 1063 5
768 1061 782 1082 ,
810 1030 1015 1084 multaque
1039 1030 1178 1070 dedita:
1201 1029 1307 1069 urbis
1331 1031 1371 1068 in
1395 1030 1589 1084 triumphi
1616 1028 1786 1069 modum

394 1094 523 1149 spolia
551 1110 626 1150 prae
654 1095 692 1135 se
718 1095 862 1135 ferens.
890 1092 1079 1134 Adstabat
1109 1093 1436 1147 praetorianorum
1463 1105 1636 1144 agmen,
1665 1096 1706 1132 ὅ(
1743 1093 1784 1131 in

393 1157 533 1197 essedis
562 1159 707 1198 cohors
737 1158 986 1207 amicorum,
1017 1154 1199 1212 palmatis
1228 1154 1398 1195 vestibus
1420 1152 1437 1175 ⁶
1463 1155 1689 1209 magnifica.
1715 1155 1788 1195 Po-

395 1220 447 1260 ne
473 1220 707 1274 sequebatur
737 1233 989 1276 expugnator
1016 1219 1214 1259 exercitus
1230 1247 1243 1269 ,
1271 1216 1521 1274 plurimaque
1546 1216 1689 1268 turba,
1715 1233 1787 1259 va·-

391 1284 454 1323 rio
485 1284 649 1337 quisque
679 1282 791 1324 cultu
815 1284 999 1337 insignes.

458 1345 594 1385 XIII.
629 1346 744 1386 CUM
772 1346 820 1386 ad
848 1347 982 1402 pontis
1011 1345 1190 1386 medium
1220 1359 1465 1401 pervenere,
1495 1345 1686 1401 Princeps
1713 1343 1787 1385 tri-

393 1407 518 1450 bunal
545 1409 711 1450 navibus
751 1410 979 1465 impositum
1020 1409 1284 1456 conscendit3
1318 1413 1358 1449 &
1388 1410 1646 1464 imperatorio
1674 1422 1786 1448 more

394 1471 545 1512 milites
573 1471 784 1513 adlocutus
813 1477 855 1522 7,
883 1470 1077 1524 ᾖεᾶἰωνίῑ
1118 1488 1139 1507 «
1164 1472 1332 1511 Darium
1374 1475 1415 1511 &
1451 1472 1633 1512 'Xerxem
1660 1471 1800 1526 pueri-.

395 1533 483 1575 »lia
509 1533 673 1576 molitos
701 1553 708 1576 :
737 1536 776 1575 se
806 1541 902 1576 vero
928 1534 1084 1585 virilia,
1116 1537 1157 1574 ὅ(
1183 1533 1289 1575 orbis
1316 1534 1484 1575 domino
1510 1534 1630 1589 digna
1656 1533 1786 1588 gestis-

396 1597 470 1637 »se
497 1614 504 1637 :
534 1611 761 1639 catenatum
790 1597 1068 1652 calcatumque
1095 1612 1226 1651 atquor
1252 1615 1259 1636 ε
1285 1611 1531 1652 expugnatas
1554 1596 1669 1638 urbes
1692 1614 1700 1636 :
1723 1596 1787 1637 de-

397 1662 554 1701 »viecos
570 1661 875 1717 populoszdeos
896 1662 1000 1718 ipsos
1016 1692 1027 1711 ‚
1052 1659 1293 1712 majestatem
1319 1661 1427 1700 suam
1455 1661 1603 1701 veritos
1619 1690 1632 1711 ,
1664 1660 1787 1699 flu‘Ctu

397 1724 605 1778 »flatuque
642 1724 832 1765 abstinere
869 1742 912 1764 ».
951 1726 1051 1765 Haec
1089 1723 1244 1776 aliaque
1271 1723 1312 1763 id
1346 1722 1515 1763 stultitiae
1551 1722 1744 1778 gloriatus
1771 1751 1785 1773 ,

398 1787 547 1828 milites
568 1786 751 1829 laborum
765 1803 811 1829 ac
829 1786 1101 1844 periculorum
1121 1788 1251 1828 socios
1268 1785 1489 1842 compellat
1501 1815 1516 1838 ,
1533 1790 1572 1828 &
1589 1786 1784 1829 donativo

1813 791 1870 821 10

1813 1425 1869 1453 20

1811 1739 1864 1778 25

442 1939 449 1952 ¹
474 1935 639 1971 Qusizcicis.
664 1945 791 1965 CORONA
812 1938 822 1970 ]
845 1936 1010 1966 Suetonius
1040 1936 1074 1966 in

399 1972 479 2002 Caio
495 1997 503 2007 ‚
531 1975 614 2003 XIX.

442 2018 453 2031 2
472 2013 582 2043 CETRA
599 2015 612 2050 ]
638 2014 724 2043 Leve
755 2013 938 2054 loreumque
957 2015 1073 2045 scutum

400 2059 467 2081 erat
481 2060 573 2082 cetra.
591 2052 671 2082 Vide
690 2053 800 2090 Quint.
813 2055 898 2084 Curt.
916 2055 978 2090 111,
996 2066 1024 2090 4.
1041 2055 1074 2085 ὃ(

402 2091 463 2128 jam
484 2099 591 2121 notata
619 2091 704 2130 supra
731 2092 765 2121 in
789 2092 860 2123 Vita
889 2093 1041 2133 Agricolae
1065 2117 1074 2130 ‚

400 2139 467 2166 cap.
492 2134 537 2166 36.
560 2139 625 2160 not.
650 2142 676 2168 3.

434 2173 450 2211 .³
465 2170 614 2199 Posrrrzo
631 2172 699 2208 DIE]
711 2171 881 2202 Sueton.in
891 2171 1073 2208 Caio‚XIX.

400 2207 486 2245 Dio,
508 2209 588 2237 LIX.
611 2219 676 2248 pag.
697 2214 766 2249 653.

440 2250 455 2269 4
483 2248 718 2283 QUADmoAfflo
752 2260 867 2280 HABITU
894 2251 909 2286 ]
945 2252 1074 2280 Sueton.

402 2284 464 2315 loc.
485 2286 537 2315 cit.
555 2287 631 2316 Non
643 2288 802 2326 paludatus
815 2288 1074 2328 ‚triumphalique

402 2324 502 2369 veste,
526 2325 575 2354 sed
602 2334 635 2355 ut
654 2327 865 2365 quadrigarius
881 2329 985 2367 auriga
1005 2339 1074 2358 cum

404 2363 490 2403 galea
508 2364 541 2397 &
560 2365 667 2396 tunica
684 2366 749 2397 ibat
758 2367 902 2406 Princeps
912 2368 1075 2406 victorque

1113 1937 1258 1970 scenicus.

1153 1983 1161 2004 5
1186 1979 1318 2008 Dimum
1341 1979 1356 2015 ]

1113 2016 1238 2047 thorum
1256 2018 1354 2057 regis,
1371 2017 1424 2056 qui
1451 2016 1540 2046 illum
1566 2014 1703 2045 obfidem
1715 2015 1784 2057 Rq-

1113 2066 1194 2086 mam
1220 2057 1362 2090 miserat,
1393 2064 1427 2085 ut
1452 2056 1567 2085 dietum
1587 2054 1626 2084 est
1643 2054 1728 2091 supra
1748 2062 1783 2082 m

1114 2096 1335 2134 Supplemento
1350 2095 1460 2125 Annal.
1473 2095 1529 2125 VII
1540 2117 1548 2129 ‚
1566 2104 1611 2123 12.

1152 2138 1164 2153 ⁶
1187 2137 1345 2166 ΡΑιΜΑτιε
1368 2143 1516 2166 νεετῐΒυε
1535 2134 1547 2169 ]
1577 2132 1638 2162 Dio
1660 2153 1669 2167 ‚
1697 2130 1783 2159 LIX.

1113 2183 1179 2212 pag.
1191 2178 1247 2212 653
1279 2177 1390 2205 Ἐὃγῆο-ιν
1408 2175 1529 2210 ἀνθηρῶς.
1545 2173 1661 2201 Eorum
1674 2169 1782 2212 vestes,

1113 2223 1187 2242 auro
1203 2213 1396 2252 purpuraque
1409 2212 1553 2245 intextae,
1568 2218 1655 2240 erant
1674 2208 1784 2251 palmis:

1114 2251 1302 2290 floribusque
1330 2250 1510 2288 conspicuae.
1537 2250 1583 2279 De
1603 2247 1784 2285 triumphali

1113 2291 1193 2320 veste
1209 2291 1281 2321 vide
1295 2301 1361 2329 quae
1378 2290 1457 2319 dicia
1469 2289 1537 2318 sunt
1553 2289 1663 2317 Annal.
1683 2287 1715 2321 Ι,
1737 2297 1746 2315 1
1757 2296 1784 2325 ς.

1152 2335 1164 2350 ⁷
1186 2330 1318 2360 Muri-ns
1341 2329 1554 2365 ADLOCUTUs]
1580 2327 1665 2364 Dio,
1687 2326 1784 2363 LIX,

1113 2378 1180 2407 pag.
1201 2372 1272 2409 653.

1390 1976 1508 2007 Filium
1525 1974 1693 2011 Artabani,
1712 1975 1783 2004 Par-

1638 2427 1785 2482 magis,
