1952 2708
322 151 380 191 52
545 133 592 174 c,
659 129 1087 172 CORNELII
1151 129 1456 175 TACITI

321 219 549 273 separantur
576 218 604 254 ¹.
627 213 676 253 In
698 212 784 253 aliis
812 212 998 268 gentibus
1017 243 1028 264 ‚
1056 213 1123 255 seu
1154 216 1401 270 cognatione
1440 212 1571 271 aliqua
1609 218 1710 258 Sue-

321 292 463 321 vorum
479 306 492 327 ‚
520 277 587 317 seu
608 280 620 327 (
641 276 747 331 quod
769 276 866 332 saepe
888 277 1064 327 accidit)
1088 279 1338 329 imitatione,
1364 295 1493 320 rarum
1508 310 1520 330 ‚
1553 282 1712 322 &intra

319 341 491 395 juventae
518 339 714 396 spatium3
743 340 849 396 apud
868 343 1048 391 Suevos,
1077 342 1199 395 usque
1228 342 1277 382 ad
1303 344 1519 394 canitiem,
1550 345 1711 385 horren-

318 417 402 445 tem
428 402 620 459 capillum
643 417 751 444 retro
775 403 1020 458 sequuntur,
1049 419 1095 445 ac
1135 405 1233 461 saepe
1257 406 1299 444 in
1327 405 1414 460 ipso
1442 405 1529 447 solo
1560 408 1712 448 vertice

319 466 514 522 religant:
542 468 743 523 principes
767 471 807 507 ὃς
829 468 1072 508 ornatiorem
1100 469 1248 509 habent
1274 472 1313 507 ²:
1342 483 1387 508 ea
1416 483 1510 509 cura
1536 469 1671 510 forma:
1697 500 1711 520 ,
1740 480 1764 520 5

318 530 387 571 sed
412 531 596 571 innoxiae.
622 533 769 585 Neque
804 532 912 571 enim
938 543 982 570 ut
1007 545 1139 572 ament
1175 545 1434 577 amenturve3
1461 533 1502 571 in
1534 531 1713 573 altitudi—

320 608 414 634 nem
447 593 658 648 quamdam
687 598 728 635 &
755 608 973 645 terrorem,
1000 595 1144 636 adituri
1171 594 1305 646 bella,
1337 597 1520 651 compti,
1549 609 1593 636 ut
1619 596 1712 636 hos:-

320 657 421 697 tium
445 656 574 698 oculis
600 662 641 709 ³,
670 672 875 699 ornantur.

383 719 613 761 XXXIX.
643 738 665 759 <c
699 723 1107 768 VETUsrlssmos
1135 724 1175 766 se
1199 723 1536 779 nobiliffimosque
1556 725 1712 765 Suevo-

316 798 437 823 »rum
464 802 484 822 »
520 786 742 827 Semnones
768 792 786 814 4
812 802 1047 830 memorant.
1068 788 1186 831 Fides
1213 790 1458 842 antiquitatis
1474 819 1486 839 ,
1512 788 1712 844 religione

318 847 509 889 firmatur.
535 851 650 891 Stato
673 863 855 907 tempore
878 855 919 893 in
940 853 1076 894 silvam
1094 884 1106 903 ‚
1133 853 1306 906 auguriis
1336 866 1490 908 patrum
1519 857 1530 882 5
1559 856 1598 892 ὅ(
1621 851 1714 907 pris?-

319 910 364 953 ca
390 911 603 953 formidine
630 914 805 965 sacram,
835 930 974 957 omnes
998 915 1176 968 ejusdem
1202 916 1404 970 sanguinis
1427 915 1567 972 populi
1599 914 1712 969 lega-

316 975 494 1016 tionibus
522 991 699 1027 coeunt‚
730 978 908 1032 caesoque
934 979 1095 1036 publice
1133 981 1298 1019 homine
1323 979 1528 1020 celebrant
1555 978 1710 1019 barbari

317 1038 415 1079 ritus
440 1040 639 1082 horrenda
663 1042 891 1093 primordia.
928 1043 992 1082 Est
1020 1048 1060 1083 ὅ(
1086 1042 1162 1084 alia
1186 1042 1282 1083 luco
1306 1044 1542 1083 reverentia.
1571 1044 1711 1082 Nemo

317 1101 389 1141 nifi
414 1103 581 1144 vinculo
606 1094 752 1158 ligatus
777 1106 1024 1158 ingreditur,
1052 1121 1096 1146 ut
1122 1106 1279 1155 minor,
1311 1111 1350 1146 ὅ(
1378 1108 1614 1161 potestatem
1640 1120 1712 1146 nu-

315 1165 435 1205 minis
466 1181 541 1220 prae
571 1167 609 1207 se
633 1167 784 1208 ferens:
814 1168 839 1206 fi
866 1169 969 1209 forte
1002 1168 1208 1225 prolapsus
1241 1170 1320 1219 est,
1351 1168 1482 1209 attolli
1515 1174 1555 1209 &
1587 1169 1713 1208 insur-

314 1241 410 1281 gere
433 1229 539 1269 haud
560 1229 741 1271 licitum:
771 1246 841 1286 per
862 1234 1028 1272 humum
1051 1231 1317 1272 evolvuntur:
1343 1232 1472 1285 eoque
1496 1234 1626 1273 omnis
1649 1232 1713 1272 su-

267 1322 272 1323 r
314 1292 493 1345 perstitio
525 1293 687 1348 respicit
708 1324 721 1344 ,
761 1307 963 1348 tamquam
992 1296 1083 1335 inde
1118 1296 1230 1334 initia
1255 1297 1411 1349 gentis,
1442 1295 1495 1334 ibi
1523 1309 1712 1349 regnator

314 1355 497 1393 omnium
523 1355 618 1397 deus
644 1355 686 1406 ⁶,
715 1371 850 1398 cetera
874 1357 1046 1410 subjecla
1068 1372 1185 1412 atque
1208 1360 1399 1413 parentia.
1430 1357 1583 1409 Adjicit
1612 1374 1709 1399 auc-

312 1418 519 1458 toritatem
552 1419 713 1461 fortuna
746 1422 1019 1462 Semnonum:
1053 1432 1217 1463 'centum
1248 1423 1358 1478 pagis
1400 1427 1415 1449 ⁷
1453 1421 1707 1463 habitantur:

1749 802 1800 831 10

1746 1117 1795 1158 15

1737 1439 1796 1468 20

311 1516 480 1559 cogebant.
498 1517 587 1547 Unde
599 1520 716 1549 Seneca
733 1519 770 1550 de
787 1520 854 1556 Ira,
866 1522 926 1557 111,
943 1525 992 1551 26.

315 1553 415 1583 Crinzs
446 1553 522 1592 rufus
555 1556 584 1585 &-
619 1558 647 1587 in
668 1557 765 1587 nodum
792 1560 899 1588 coac'ffus
922 1560 994 1596 apud

314 1593 479 1638 Germanos.
498 1596 535 1625 Et
552 1597 703 1627 Martialis
716 1621 724 1633 ‚
748 1598 780 1628 in
801 1599 991 1637 spectaculo-

311 1643 380 1663 rum
402 1634 506 1669 libro,
530 1646 623 1666 carm.
646 1647 670 1673 3.
684 1637 764 1667 vers.
781 1649 811 1674 9.

346 1677 458 1701 Crinibus
476 1678 501 1702 in
517 1680 599 1704 nodum
612 1681 680 1705 tortis
691 1681 773 1706 vene‘re
784 1683 911 1708 Sicambri.

352 1719 360 1732 ¹
387 1716 412 1743 A
435 1726 548 1747 sr-:ers
572 1722 798 1757 SEPARANTUR]
819 1722 992 1759 ApudSue-

311 1762 370 1795 vos
385 1776 393 1787 ‚
409 1762 442 1783 ut
457 1757 536 1791 apud
557 1766 676 1788 ceteros
694 1759 886 1795 Germanos,
911 1760 991 1791 tonsi

311 1792 459 1822 videntur
472 1793 559 1838 fnisse
576 1795 673 1834 servi·,
687 1807 740 1828 aut
755 1796 861 1829 saltem
872 1799 913 1830 ita
923 1800 992 1830 fue-

310 1841 343 1861 re
360 1831 511 1863 decurram
526 1858 533 1869 ,
553 1843 587 1865 ut
599 1836 764 1875 obliquare
776 1838 895 1868 crinem
906 1862 914 1875 ‚
938 1850 993 1870 no-

311 1871 418 1909 doque
432 1871 633 1913 substringere
649 1886 714 1906 non
732 1878 902 1915 potuerint.

353 1913 363 1926 ²
387 1912 612 1944 Omanorum
634 1917 780 1953 ΗΑΒΕΝΤ]
814 1918 992 1956 Capillum,

312 1959 390 1993 non·
404 1960 488 1981 retro
509 1953 542 1983 ὃ(
561 1952 592 1983 in
613 1954 750 1992 occipite
770 1979 779 1992 ‚
799 1955 849 1986 sed
874 1957 904 1986 in
923 1958 991 1989 solo

311 1997 447 2023 verace,
467 1991 632 2031 religatum
645 2015 653 2029 ,
669 1994 824 2034 principes
847 1998 991 2028 ornatio—

310 2037 376 2058 rem
395 2028 520 2060 labent.

354 2073 364 2093 3
390 2069 437 2098 Ur
456 2080 596 2101 HosrruM
618 2083 727 2104 ocutis
742 2078 752 2090 Ἰ
775 2075 851 2105 Non
873 2086 989 2107 ornan-

309 2113 362 2150 tur
385 2116 418 2137 ut
438 2118 544 2152 ament
567 2121 750 2143 amenturve
769 2137 778 2149 ‚
800 2115 850 2144 sed
872 2124 905 2145 ut
921 2116 991 2146 hos-

308 2153 388 2189 τιμε-η
403 2149 501 2191 oculis
517 2150 722 2181 terribiliores
737 2152 916 2189 videantur,
932 2156 989 2185 cri—

308 2186 400 2215 mbus
421 2197 453 2230 in
467 2187 544 2219 banc
560 2189 761 2221 altitudinem
774 2202 989 2234 terroremque

309 2234 455 2263 comptis.

346 2268 362 2287 4
385 2266 549 2308 S-rsmnonrs
566 2269 580 2304 ]
602 2271 771 2309 Utramque
786 2271 893 2302 Viadri
906 2272 988 2307 ,ΓΟ-

306 2301 366 2337 der,
378 2314 474 2339 ripam
484 2329 492 2342 ,
510 2317 591 2337 nunc
610 2309 699 2344 sarvie
722 2310 753 2338 d:
766 2310 791 2338 la
804 2311 968 2341 Ponzlranie
978 2336 985 2349 ,

306 2340 340 2369 de
354 2342 379 2370 la
390 2342 506 2374 Marche
519 2345 550 2374 de
565 2346 763 2387 Brandebourg
774 2373 781 2384 ‚
797 2349 826 2378 ἓν
844 2350 913 2379 dela
924 2350 985 2379 Lu-

1034 1530 1155 1552 nonum
1172 1520 1303 1559 gloriam
1324 1519 1408 1551 factis
1429 1521 1607 1561 scriptisque
1620 1522 1710 1552 illus-

1034 1560 1128 1591 travit
1144 1572 1161 1594 ‚·
1178 1560 1335 1599 magisque
1357 1571 1391 1590 ac
1417 1562 1513 1599 magis
1532 1562 1565 1591 in
1589 1561 1652 1592 dies
1666 1562 1709 1591 il-

1033 1600 1136 1630 lustrat
1146 1599 1325 1629 Fredericus
1338 1601 1379 1629 111
1389 1623 1398 1635 ,
1411 1601 1524 1630 Prussiae
1537 1611 1601 1637 rex,
1613 1611 1708 1640 quem

1033 1639 1195 1678 appellasse
1207 1663 1215 1675 ‚
1238 1638 1369 1669 laudasse
1386 1639 1437 1669 est.
1465 1640 1543 1670 Vide
1555 1639 1705 1670 Me'moires

1031 1689 1098 1715 pour
1109 1679 1199 1717 servir
1227 1680 1242 1706 a*
1263 1678 1398 1717 I'Hz'stoire
1430 1678 1462 1707 de
1492 1678 1520 1707 la
1541 1679 1651 1718 Mazfim
1674 1679 1708 1708 de

1032 1717 1248 1757 Brandebourg,
1272 1728 1337 1757 pag.
1352 1729 1423 1753 292.

1075 1764 1083 1785 5
1109 1759 1264 1787 Amemus
1289 1759 1446 1794 Parrum]
1463 1758 1509 1787 Ex
1526 1757 1707 1788 imitatione

1033 1796 1224 1833 virgiliana,
1241 1804 1292 1827 aut
1302 1807 1341 1827 ex
1349 1798 1447 1828 veteri
1463 1797 1570 1836 aliquo
1592 1798 1686 1836 poeta

1033 1836 1133 1867 versus
1147 1848 1154 1866 τ

1065 1880 1183 1913 Auguriis
1193 1888 1284 1913 parrum
1297 1881 1650 1914 &pris'csifhrmidinefizcram

1070 1919 1083 1936 ⁶
1105 1920 1280 1950 Reos-moa
1303 1930 1431 1950 οΜΜυΜ
1455 1922 1559 1957 orus]
1585 1919 1707 1950 Haecest

1032 1957 1129 1996 prima
1145 1957 1311 1989 hominum
1325 1959 1400 1989 fides
1415 1983 1423 1995 ‚
1452 1961 1626 1989 Rfomron
1646 1970 1705 1989 om-

1032 2008 1109 2028 Μωνι
1133 1998 1217 2028 Deus
1236 2023 1245 2035 ‚
1273 1998 1323 2029 cui
1346 2008 1447 2029 cetera
1479 1998 1610 2036 subjecta
1636 1997 1706 2029 sunt

1029 2046 1122 2076 atque
1140 2038 1289 2076 parentia.
1308 2040 1380 2075 Quo
1393 2037 1572 2077 antiquiora
1590 2037 1706 2068 sunt&

1029 2076 1196 2108 sinceriora
1215 2078 1357 2115 gentium
1378 2084 1602 2111 monumenta,
1619 2077 1656 2106 εὸ
1670 2075 1707 2105 il-

1028 2116 1150 2147 lustrior
1175 2116 1304 2155 effulget
1326 2115 1498 2146 divinitatis
1516 2114 1678 2146 veneratio
1692 2139 1705 2153 ‚

1028 2156 1162 2186 maxime
1184 2157 1264 2194 apud
1279 2155 1405 2194 Scythas
1418 2177 1427 2191 ‚
1444 2164 1578 2193 quorum
1593 2165 1705 2193 propa-

1027 2206 1067 2234 go
1093 2204 1180 2226 erant
1203 2194 1361 2226 Germani.
1395 2196 1435 2224 At
1453 2204 1471 2223 a
1492 2204 1569 2232 puro
1583 2193 1705 2232 simpli—

1027 2235 1118 2274 cique
1132 2235 1216 2265 cultu
1238 2234 1280 2264 ita
1295 2234 1561 2272 degeneraverant
1578 2234 1702 2263 Semno-

1026 2285 1098 2310 nes,
1124 2282 1158 2303 ut
1180 2273 1215 2304 ὃ(
1238 2273 1355 2303 secreto
1378 2272 1460 2302 silvae
1476 2296 1484 2308 ,
1511 2272 1549 2302 de
1562 2283 1625 2310 quo
1638 2273 1702 2310 jam

1025 2313 1110 2351 supra
1123 2322 1217 2350 cap.9
1238 2336 1247 2348 ‚
1266 2313 1299 2343 δί
1316 2312 1390 2343 caeso
1408 2311 1536 2342 homine
1548 2312 1699 2348 ,barbare

1024 2351 1239 2390 supplicarent.

294 2380 384 2421 fise,
403 2392 530 2417 tenuere
539 2388 721 2421 Semnones.
736 2391 885 2422 Veterem
893 2392 983 2422 Sem·
999 2389 1007 2419 l
1063 2397 1076 2418 7
1099 2392 1234 2423 Currum
1250 2393 1364 2430 mers]
1385 2392 1435 2422 Ne
1448 2390 1599 2423 existimes
1607 2389 1701 2426 fuisse,
