1952 2708
615 146 657 184 G
695 142 729 182 E
762 144 803 183 R
839 143 891 183 M
929 141 968 182 A
1003 145 1047 185 N
1085 145 1106 185 I
1143 143 1194 187 Α,

269 224 472 271 XXVII.
505 225 757 266 FUNERUM
786 220 897 262 nulla
932 222 1100 263 ambitio
1126 230 1164 264 ¹:

1538 160 1558 198 3
1567 162 1595 198 9

1192 225 1232 265 id
1256 225 1383 269 solum
1407 226 1598 271 observa-

207 305 296 344 tur)
322 303 368 332 ut
391 304 561 346 corpora
584 285 785 329 clarorum
806 287 986 328 virorum
1017 287 1136 327 certis
1162 285 1282 340 lignis
1315 293 1328 309 ²
1354 306 1595 335 crementur,

203 358 362 397 Struem
382 354 471 409 rogi
491 368 568 394 nec
590 351 760 393 vestibus
775 381 788 402 ‚
817 365 894 392 nee
918 349 1107 391 odoribus
1129 349 1337 392 cumulant
1365 358 1374 381 ³
1395 370 1403 393 z
1431 355 1496 396 sua
1517 359 1598 397 cui-

205 434 282 474 que
309 433 441 469 arma,
469 416 734 471 quorumdam
762 415 847 470 igni
870 419 911 455 &
938 429 1062 469 equus
1091 411 1278 466 adjicitur
1299 419 1331 455 4.
1355 416 1597 472 Sepulcrum

157 491 182 532 5
207 483 342 539 cespes
368 482 488 537 erigit
513 485 539 520 5.
567 481 935 522 Monumentorum
959 478 1125 519 arduum
1157 481 1197 518 ὃς
1227 479 1440 534 operosum
1466 482 1598 524 hono-

203 561 289 587 rem
311 544 355 597 ⁶,
387 558 431 585 ut
454 559 616 600 gravem
642 543 836 585 defunffis
849 571 863 593 ‚
894 542 1166 598 aspernantur.
1189 541 1387 583 Lamenta
1409 559 1454 585 ac
1476 543 1599 586 lacri-

203 625 288 651 mas
317 611 428 660 cito,
457 607 641 649 dolorem
666 612 708 649 &
730 608 893 648 tristiam
916 606 1028 647 tarde
1056 619 1226 664 ponunt.
1253 607 1430 648 Feminis
1457 606 1599 664 lugere

206 674 415 714 honestum
438 673 511 712 est:
539 673 633 713 viris
662 670 884 712 meminisse
909 675 938 712 ⁷.

268 735 498 778 XXVIII.
532 737 654 777 HAEC
683 736 725 776 in
756 749 976 777 commune
1013 733 1062 775 de
1091 735 1273 775 omnium
1299 734 1599 776 Germanorum

205 954 368 991 contenti,
385 954 578 986 fruetiferum
594 964 777 987 autumnum
791 955 879 996 igno-

203 996 322 1025 rabant.
344 996 437 1025 Nunc
460 996 589 1035 quidem
611 1007 719 1027 omnes
739 996 881 1026 autumni

205 1034 319 1064 fructus
334 1034 428 1065 novit
437 1035 606 1065 Germania
626 1047 634 1066 x
656 1044 762 1066 manet
776 1045 881 1066 tamen

203 1073 317 1103 veteris
330 1075 490 1104 memoriae
504 1084 766 1106 monumentum:
779 1086 882 1114 neque

204 1113 304 1143 ullum
343 1113 444 1144 adhuc
478 1125 597 1145 nomen
633 1114 775 1145 autumni
806 1125 881 1152 pro-

203 1152 305 1191 prium
322 1163 329 1182 :
350 1154 513 1184 communi
534 1155 694 1186 vocabulo
712 1154 883 1192 appellatur

204 1191 300 1231 Herbst
316 1215 325 1229 ‚
350 1192 384 1221 id
403 1193 443 1222 est
459 1194 556 1223 meffis
570 1217 579 1230 ‚
601 1203 693 1232 quam
713 1203 806 1222 unam
819 1203 881 1223 no—

204 1240 317 1262 verant
340 1240 462 1262 veteres
490 1233 648 1263 Germani.
674 1231 804 1262 Videtur
828 1242 883 1261 au-

203 1278 269 1301 tem
296 1270 413 1309 primos
446 1272 627 1301 mortalium
659 1271 731 1300 duas
760 1273 881 1300 tantum

202 1309 278 1339 anni
303 1310 494 1347 tempestates
506 1334 514 1345 ‚
535 1311 666 1341 aeflatem
679 1309 858 1340 &hiemem
872 1334 881 1347 ,

203 1349 386 1379 observass'e.
403 1350 491 1379 Unde
501 1350 602 1380 Moses
616 1349 648 1379 in
661 1348 772 1380 Genesi
787 1351 858 1380 VIII
872 1373 881 1385 ‚

202 1398 251 1417 22.
266 1387 359 1427 AEsttzs
373 1387 403 1417 Cr
418 1388 519 1426 hiems,
538 1400 593 1418 nox
612 1388 641 1418 ἓν
660 1388 728 1418 dies.
756 1388 881 1419 Deinde

201 1435 263 1457 tres
274 1451 282 1464 ‚
306 1438 341 1458 ac
360 1428 487 1458 demum
502 1437 636 1468 quatuor
655 1428 730 1460 anni
746 1428 880 1468 tempes-

202 1475 281 1499 tates
297 1467 475 1498 distinxere.

246 1512 254 1525 ¹
281 1508 390 1537 NULLA
416 1509 573 1545 ΑΜειτιο]
597 1508 718 1538 Contra
729 1508 810 1546 apud
822 1508 881 1538 Ro-

202 1555 312 1576 manos
336 1547 481 1577 maxima.
507 1548 543 1577 C.
561 1547 703 1578 Caecssius
730 1547 880 1578 Claudius

203 1585 335 1616 Isidorus
347 1586 522 1624 sunerarise
539 1586 612 1626 juffit
633 1596 673 1616 Hs
700 1588 748 1616 ir.
776 1587 879 1617 Galli—

202 1635 245 1655 cae
278 1634 414 1656 monetae
452 1625 538 1656 libris
563 1629 707 1664 213‚984.
734 1626 852 1656 Plinius
871 1651 879 1663 ,

202 1666 336 1695 XXXIII
353 1689 361 1702 ‚
379 1675 424 1695 10.
449 1666 521 1695 Haec
541 1665 641 1696 adhuc
658 1666 769 1705 privati
786 1666 879 1696 fune-

201 1713 252 1741 ra,
270 1705 304 1735 &
318 1713 390 1735 ante
407 1704 531 1743 imperii
543 1705 662 1737 luxum.
684 1708 726 1736 At
738 1706 820 1742 periti
837 1716 881 1734 re-

201 1754 261 1773 rum
281 1744 432 1783 affeverant
444 1744 592 1775 Arabiam
611 1755 665 1774 non
675 1745 752 1782 ferre
775 1755 881 1774 tantum

205 1783 342 1814 odorum
357 1794 449 1813 annuo
462 1784 524 1820 fetu
538 1808 548 1822 ‚
571 1795 699 1823 quantum
715 1785 792 1814 Nero
803 1785 882 1822 prin-

203 1831 266 1858 ceps
280 1823 412 1862 novzffimo
429 1823 555 1860 Poppoeae
564 1825 625 1863 ficae
637 1823 681 1854 die
692 1834 882 1854 concremave—

203 1861 250 1891 rit.
264 1862 341 1892 Plin.
355 1864 431 1900 XII,
455 1866 500 1894 18.

244 1905 256 1919 ²
280 1903 396 1932 Craris
416 1903 540 1939 meurs]
557 1902 680 1940 Quibus
692 1903 784 1943 lignis
793 1904 882 1944 igno-

205 1948 282 1972 tum.
295 1941 448 1972 Divinare
462 1942 546 1972 haud
562 1952 666 1973 vacat.

245 1985 254 2006 ³
279 1981 483 2019 Cumumm]
506 1984 545 2012 Ut
559 1991 628 2012 mos
648 1981 708 2012 fuit
726 1982 807 2020 apud
819 1983 882 2012 Ro-

205 2028 316 2050 manos
327 2043 335 2055 ‚
351 2019 405 2058 qui
422 2020 587 2052 funebrem
603 2020 741 2052 Orientis
758 2022 882 2061 magni—

205 2058 365 2089 ficentiam
392 2060 527 2090 aemulati
553 2060 631 2090 sunt.
656 2061 704 2092 Sic
729 2061 882 2091 Cornelia

206 2097 239 2127 in
260 2097 420 2129 funeribus
441 2099 583 2137 Pompeii
599 2100 706 2139 Magni
719 2101 799 2138 apud
816 2102 882 2130 Lu-

205 2147 318 2168 canum
337 2139 402 2175 IX,
426 2148 493 2177 ¹75·

237 2189 346 2221 Collegit
354 2188 424 2219 vestes
433 2207 440 2217 ,
453 2189 573 2222 misizrique
584 2187 685 2220 insignia
696 2189 802 2220 Magni,

237 2222 355 2255 Armaque
366 2223 391 2247 ἐπ’
401 2223 516 2255 impreffas
526 2231 596 2250 auro,
608 2231 663 2254 quas
672 2223 772 2253 gefferat
784 2223 841 2248 olim

238 2257 342 2280 Exuvias
354 2275 360 2284 ,
370 2257 483 2289 pil-‘lasq-ue
492 2265 560 2288 togas
570 2275 578 2284 ‚
591 2256 803 2286 velaminufiaemmo

238 2289 286 2314 Ter
295 2290 411 2323 conspec‘la
425 2290 496 2320 lovi,
509 2290 641 2323 fimesioque
653 2290 732 2314 intulit
752 2291 816 2322 igni.

209 2331 288 2363 Vide
302 2335 335 2364 &
345 2334 425 2372 apud
434 2334 630 2365 Plutarchum
646 2335 679 2364 in
693 2334 776 2373 Sylla
789 2358 798 2370 ‚
816 2345 882 2374 pag.

210 2381 281 2410 475.
295 2372 378 2404 illata
390 2373 423 2403 in
435 2375 526 2414 Syllae
542 2373 650 2404 funere
665 2374 772 2404 decem
785 2375 818 2405 &
831 2375 884 2404 du-

211 2419 302 2443 centa
316 2411 430 2444 fercula
443 2414 578 2445 odorum
593 2437 603 2453 ‚
628 2414 662 2446 &
673 2413 800 2454 grandia
817 2413 884 2454 Syl-

135 809 183 836 10
207 801 362 856 origine
382 815 429 841 ac
449 799 626 840 moribus
650 801 894 856 accepimus.
915 801 1042 840 Nune
1062 797 1303 854 singularum
1323 800 1507 853 gentium
1524 799 1599 839 inss

921 956 956 986 1ae
970 955 1094 994 ejusque
1117 953 1234 985 lietoris
1254 953 1414 986 fimulacra
1428 965 1444 985 e
1457 954 1544 987 thure
1564 957 1600 989 δί

920 1005 1137 1027 cinnamomo.

960 1040 974 1058 4
995 1036 1099 1070 EQUUS
1120 1038 1315 1068 Amtcrrun]
1343 1034 1391 1065 Sic
1413 1035 1445 1065 in
1458 1035 1598 1074 sepulcro

922 1074 1097 1105 Childerici
1111 1098 1119 1111 ‚
1135 1074 1329 1104 Francorum
1353 1075 1431 1114 regis
1448 1099 1456 1110 ,
1480 1085 1600 1113 reperta

922 1115 986 1151 ejus
1004 1124 1086 1143 arma
1100 1137 1108 1149 ,
1125 1113 1259 1150 framea,
1279 1113 1396 1152 gladius
1411 1115 1599 1145 :inventum

922 1163 1050 1191 quoque
1074 1152 1145 1191 equi
1166 1153 1230 1190 ejus
1258 1161 1364 1191 caput,
1382 1154 1415 1184 ὃ(
1430 1154 1532 1191 solea,
1558 1155 1600 1184 fi-

921 1193 1001 1221 bulae
1019 1200 1164 1230 praeterea
1178 1191 1372 1230 phaleraeque
1393 1203 1490 1224 aureae
1507 1205 1514 1224 :
1531 1204 1600 1232 quae

923 1230 1032 1260 omnia
1058 1230 1132 1260 vide
1158 1231 1238 1268 apud
1256 1231 1395 1262 eruditos
1417 1234 1507 1263 Joan.
1531 1235 1598 1264 Jac-

923 1268 1117 1300 Chiffletium
1131 1292 1140 1306 ,
1164 1269 1306 1308 Anastasis
1324 1270 1473 1301 childerici
1498 1273 1570 1312 regis
1589 1297 1600 1310 ,

929 1313 1058 1348 vag.96,
1081 1319 1139 1344 219
1159 1309 1192 1339 ὃς
1218 1309 1302 1376 [θῆναι.
1324 1319 1358 1339 ac
1372 1310 1599 1350 Montfaucon,

922 1319 1149 1377 iesMonumems
1164 1347 1196 1376 de
1212 1347 1239 1376 la
1276 1348 1418 1378 lonarclzie
1430 1349 1575 1390 I-'ranfoise
1589 1376 1600 1389 ,

922 1389 1017 1418 Tom.
1040 1389 1063 1417 1.
1081 1398 1149 1427 pag.
1181 1398 1216 1417 10
1232 1388 1265 1418 ὃ(
1288 1387 1370 1427 seqq.
1403 1390 1471 1419 Pars
1487 1402 1600 1429 magna

922 1427 1022 1458 adhuc
1045 1428 1137 1458 exstat
1149 1427 1262 1458 Parifiis
1282 1427 1314 1457 in
1328 1429 1468 1460 Cimelio
1487 1428 1598 1469 Regio.

924 1469 1032 1498 Praeter
1046 1468 1108 1505 jam
1121 1474 1294 1498 memorata
1313 1469 1484 1508 corpusque
1507 1471 1600 1501 Chil-

922 1507 1030 1541 derici‚
1047 1516 1168 1545 reperta
1182 1507 1281 1537 adhuc
1293 1508 1426 1538 calvaria
1441 1519 1518 1547 una,
1531 1521 1600 1550 quae

919 1546 1002 1577 forte
1021 1546 1081 1576 fuit
1108 1547 1172 1584 ejus
1193 1546 1360 1585 equisonis.
1388 1547 1437 1577 Sic
1461 1550 1545 1579 enim
1561 1551 1600 1581 de

919 1586 1041 1626 Scythis
1051 1610 1059 1623 ‚
1075 1587 1303 1616 Germanorum
1318 1587 1493 1618 auctoribus
1505 1613 1514 1627 ‚
1529 1600 1599 1628 pro-

921 1625 1173 1663 ditHcrodotus‚
1198 1627 1239 1656 IV
1252 1650 1262 1663 ,
1281 1636 1332 1663 7¹·

963 1671 971 1693 5
998 1666 1114 1695 Cfspns
1139 1670 1265 1700 rmmr]
1287 1666 1459 1696 Tumulum
1485 1667 1600 1705 cespite

921 1705 1102 1735 exstrutfium
1117 1705 1179 1743 jam
1196 1705 1332 1735 vidimus
1347 1705 1433 1744 supra
1446 1708 1556 1736 Annal.
1568 1709 1578 1736 I
1589 1730 1600 1744 ,

920 1748 971 1774 62.
997 1744 1152 1775 Maximos
1175 1755 1302 1784 quoque
1326 1755 1342 1775 e
1360 1745 1472 1784 cespite
1492 1755 1600 1776 tumu-

922 1785 969 1815 los
993 1784 1117 1823 regibus
1149 1784 1206 1814 suis
1228 1783 1354 1823 Scythas
1382 1785 1507 1816 erexisse
1530 1796 1600 1817 me-

921 1833 1023 1854 morat
1036 1823 1214 1854 Herodotus
1227 1847 1235 1859 ,
1252 1829 1312 1854 loc.
1322 1823 1376 1854 cit.

959 1865 973 1883 ⁶
998 1866 1177 1894 OPEROSUM
1202 1866 1382 1901 notionem]
1407 1864 1542 1894 Molium
1555 1864 1599 1894 il-

921 1902 1018 1933 larum
1042 1904 1151 1933 rudera
1179 1903 1296 1933 exstant
1317 1903 1417 1933 adhuc
1441 1904 1547 1934 Romae
1564 1904 1598 1937 in

921 1943 1036 1979 Cestii,
1059 1942 1184 1982 Augusti
1205 1966 1213 1978 ‚
1232 1942 1382 1972 Hadriani
1405 1953 1599 1974 monumen-

921 1982 959 2013 tis
978 2006 987 2019 ,
1022 1982 1152 2021 aliisque
1173 1982 1335 2028 plurimis,
1353 1993 1419 2021 quae
1441 1983 1542 2020 passim
1563 1984 1600 2015 ὃς

921 2021 1062 2052 maxime
1085 2022 1115 2051 in
1133 2021 1184 2051 via
1201 2021 1299 2059 Appia
1317 2030 1494 2052 occurrunt.

961 2067 974 2086 7
996 2063 1089 2091 Vnus
1112 2063 1307 2098 MEM1NISSE]
1330 2061 1364 2090 Id
1379 2071 1506 2100 quoque
1517 2061 1599 2100 apud

923 2101 988 2130 Can
995 2100 1120 2130 adenses
1130 2100 1263 2139 populos
1273 2100 1433 2137 vulgatum
1444 2101 1600 2131 :Lacrimae

922 2139 997 2168 viros
1015 2138 1154 2169 dedecent.
1173 2140 1211 2169 Et
1222 2139 1260 2169 ad
1275 2140 1394 2170 bellum
1411 2140 1576 2178 profeeturi
1589 2164 1600 2177 ,

923 2178 992 2210 suos
1014 2182 1136 2209 tantum
1158 2178 1201 2209 ita
1222 2179 1447 2218 alloquuntur:
1463 2180 1500 2209 siz
1518 2181 1600 2219 lustri

923 2219 1061 2248 memoria.
1077 2218 1216 2249 Feminae
1234 2227 1337 2248 autem
1353 2219 1455 2256 viros,
1470 2219 1598 2256 liberos,

924 2267 977 2295 per
1001 2268 1116 2288 annum
1142 2257 1297 2296 integrum
1322 2259 1430 2297 lugent
1448 2283 1456 2295 ‚
1484 2260 1599 2298 eosque

923 2297 985 2327 hoc
1010 2306 1080 2327 toto
1097 2306 1238 2334 tempore
1255 2297 1413 2329 continuis
1430 2298 1596 2331 eiulatibus

924 2347 1014 2366 mane
1025 2360 1034 2373 ,
1050 2337 1174 2375 vespere
1185 2360 1194 2372 ‚
1216 2337 1323 2368 medio
1341 2338 1408 2371 die,
1426 2338 1512 2368 domi
1525 2361 1532 2373 ‚
1548 2336 1598 2366 fo-

924 2376 963 2405 ris
976 2386 1102 2406 vocant.
1119 2376 1198 2406 Vide
1214 2377 1243 2406 P.
1257 2377 1294 2407 de
1305 2377 1497 2408 Charlevoix
1508 2399 1518 2417 ,
1534 2376 1597 2408 loc,

923 2415 977 2448 cit.
998 2414 1094 2446 Lente
1110 2417 1224 2448 XXVI.
1239 2426 1305 2456 pag.
1322 2420 1392 2456 376ν
