1952 2708
513 153 1220 195 CHRONoLooicA‚
1451 165 1538 209 461

159 239 269 276 teret,
285 231 448 280 ratusque
473 229 644 264 saeculum
668 229 770 263 suum
786 228 972 272 illustrarI,
1003 230 1027 264 si
1054 231 1231 267 Vestalem
1250 231 1373 269 vivam
1392 233 1544 271 defode-

159 294 213 319 ret
226 283 235 298 ¹
249 309 259 325 ,
275 279 484 317 Corneliam
499 309 507 322 ,
538 277 733 314 Vestalium
749 278 940 314 maximam
953 306 962 321 ,
984 278 1075 314 olim
1091 280 1292 316 absolutam
1312 311 1320 325 ‚
1349 283 1465 333 longo
1484 284 1544 320 in-

155 330 309 368 tervallo
327 328 482 377 repetit3
507 330 653 378 jureque
674 328 859 377 pontificis
880 328 1052 372 maximi,
1072 328 1230 378 reliquos
1247 332 1439 379 pontifices
1465 347 1544 371 non

156 381 196 417 in
213 379 346 428 regiam
361 407 371 422 ,
390 378 450 415 sed
468 378 505 414 in
520 379 697 414 Albanam
713 378 838 415 villam
856 389 1053 415 convocat.
1086 379 1277 422 Cornelia,
1303 381 1426 418 absens
1442 384 1542 420 inau-

155 429 302 479 ditaque
317 458 326 474 ‚
355 427 479 465 incesti
504 428 701 465 damnatur.
717 428 810 464 Miffi
832 428 946 464 statim
960 429 1152 477 pontifices
1165 457 1174 473 ‚
1206 430 1266 478 qui
1286 430 1544 471 defodiendam

155 479 427 529 necandamque
443 490 618 515 curarent.
645 479 728 527 Ejus
748 478 962 527 stupratores
982 478 1092 528 virgis
1112 479 1149 513 in
1170 479 1323 515 comitio
1347 481 1392 517 ad
1416 495 1543 520 necem

157 530 236 565 caesi
257 544 265 565 :
292 542 383 580 quos
398 530 490 567 inter
508 530 632 573 Celer,
649 542 756 579 eques
769 529 951 565 Romanus
965 556 976 572 ,
1004 528 1185 578 supplicio
1208 529 1368 566 subditus
1384 560 1394 575 ,
1423 533 1458 569 se
1486 533 1544 569 in-

155 579 297 616 sontem
319 579 491 629 profeffus
516 580 574 618 est.
613 579 775 616 Valerius
799 579 1009 615 Licinianus
1031 607 1041 622 ,
1072 578 1259 627 prcetorius
1281 580 1335 614 vir
1355 609 1364 623 ‚
1393 583 1543 632 reusque

155 629 256 679 quod
279 629 317 665 in
346 630 437 678 agris
463 629 532 665 suis
569 629 779 666 occultasset
808 628 990 665 Corneliae
1014 629 1178 664 libertam
1193 657 1202 672 ‚
1221 629 1265 664 ad
1285 630 1542 669 confessionem

156 679 334 729 confugit.
362 679 554 728 Princeps,
587 679 622 717 se
647 679 788 717 absolvi
804 679 906 716 laetus
928 708 940 724 ,
968 678 1127 717 exsilium
1150 679 1263 717 molle
1281 706 1293 723 ‚
1323 679 1422 716 velut
1449 695 1542 730 pree-2

157 729 292 772 mium,
322 728 387 778 ipsi
411 729 522 768 dedit.

474 806 613 843 ANNUS
641 806 687 843 U.
709 807 753 846 C.
779 817 970 843 Dccchv.
1028 807 1059 842 J.
1086 808 1124 842 C.
1147 818 1211 852 92.

205 880 425 918 Domitiano
447 882 608 932 Augusto
626 882 729 926 XVI,
754 883 804 927 Q.
824 880 974 918 Volusio
993 881 1187 917 Saturnino
1206 880 1426 916 consulibus.
1444 880 1544 917 Glis-

158 930 278 966 centia
294 933 363 979 jam
380 932 428 968 ob
442 932 614 969 saevitiam
633 932 719 969 odia
729 931 961 968 Domitianus
974 931 1092 966 adhuc
1111 930 1337 978 provocabat
1353 941 1545 967 contume-

155 979 214 1015 liis
231 1007 240 1022 ,
266 981 393 1029 quibus
418 982 511 1018 nihil
534 995 703 1032 umquam
721 982 788 1018 fuit
802 981 1032 1029 Principibus
1053 979 1246 1016 exitiosius.
1275 979 1313 1017 L.
1331 981 1516 1016 Antonius
1533 1007 1543 1022 ‚

155 1031 359 1067 Germaniae
388 1032 579 1080 superioris
597 1032 723 1080 praeses
738 1060 746 1075 ‚
770 1032 811 1067 iis
826 1030 992 1067 accensus
1008 1030 1143 1066 bellum
1158 1030 1266 1066 civile
1283 1031 1400 1066 movit
1420 1032 1445 1066 ².
1473 1030 1544 1078 Ipsi

156 1079 307 1116 aderant
331 1081 519 1131 legionum
541 1082 594 1117 vis
609 1086 642 1118 δε
657 1095 745 1130 opes
773 1095 782 1117 :
815 1081 964 1117 consilia
985 1093 1130 1130 quoque
1153 1094 1234 1116 cum
1265 1080 1453 1116 Germanis
1473 1080 1546 1115 ini-

155 1140 243 1166 erat.
268 1132 388 1168 Grave
412 1131 497 1168 inde
516 1132 688 1168 exarserat
705 1131 840 1168 bellum
854 1159 864 1174 ,
887 1131 924 1166 ni
954 1130 993 1166 L.
1014 1130 1163 1166 Maximi
1190 1129 1381 1179 vigilantia
1400 1129 1544 1180 forsque

154 1179 366 1228 reipublicae
396 1182 524 1229 praesto
558 1181 709 1218 fuissent.
746 1182 795 1217 At
823 1181 912 1216 mira
950 1179 1122 1216 felicitate
1139 1207 1149 1223 ‚
1183 1179 1260 1227 ipsa
1297 1179 1543 1216 dimicationis

154 1228 247 1265 hora
273 1231 448 1267 resolutus
469 1233 617 1280 repente
631 1231 778 1268 Rhenus
806 1231 1006 1266 transituras
1025 1230 1070 1265 ad
1089 1229 1295 1265 Antonium
1311 1230 1543 1266 barbarorum

156 1280 282 1327 copias
296 1280 480 1325 inhibuit3
509 1282 689 1331 vistusque
709 1281 902 1317 Antonius.
930 1280 1005 1315 Ubi
1020 1279 1172 1315 Romam
1184 1281 1316 1316 venere
1333 1279 1544 1316 rebellionis

154 1330 298 1374 nuntii,
324 1330 582 1374 Domitianus,
610 1334 693 1367 cum
727 1332 771 1366 de
800 1330 987 1367 retinenda
1009 1329 1261 1365 dominatione
1288 1341 1450 1377 ageretur
1476 1330 1544 1366 im-

154 1378 260 1429 piger
273 1408 281 1423 ,
296 1380 459 1430 legiones
482 1381 636 1424 excivit3
650 1381 846 1429 Trajanum
867 1380 929 1429 qui
950 1379 987 1414 in
1001 1379 1179 1427 Hispania
1198 1390 1284 1414 tunc
1305 1379 1435 1428 agebat
1449 1406 1457 1421 ,
1474 1378 1545 1415 Lu-

155 1429 299 1465 cianum
316 1430 484 1467 Proclum
507 1432 667 1480 aliosque
687 1430 859 1467 evocavit
873 1458 882 1473 ,
903 1429 1018 1465 statim
1045 1429 1119 1477 ipse
1142 1428 1187 1464 ad
1203 1428 1337 1464 bellum
1352 1429 1545 1477 profeffiis.

153 1478 198 1514 In
209 1479 334 1516 itinere
350 1481 585 1529 supervenere
600 1480 758 1517 vifioriae
775 1479 917 1522 nuntii3
935 1492 1047 1528 eaque
1061 1478 1219 1528 quodam
1235 1479 1338 1514 famtc
1353 1479 1544 1522 miraculo,

154 1529 254 1577 prius
284 1531 464 1580 praesagiis
492 1560 500 1575 ‚
539 1531 644 1581 quam
676 1530 808 1566 nuntiis
827 1558 837 1573 ‚
863 1529 988 1566 Romae
1018 1529 1189 1564 innotuit.
1218 1527 1303 1576 Ipso
1321 1528 1441 1572 enim,
1467 1542 1544 1578 quo

154 1578 364 1615 dimicatum
392 1580 463 1624 est,
491 1581 571 1625 die,
606 1580 753 1616 statuam
779 1579 955 1629 Principis
984 1578 1127 1628 infignis
1155 1578 1276 1627 aquila
1298 1578 1544 1627 circumplexa

153 1629 282 1678 pennis
312 1631 501 1680 clangores
532 1631 722 1666 lit-tissimos
746 1629 908 1672 edidit³;
929 1629 1166 1677 vulgatusque
1181 1656 1191 1671 ,
1208 1628 1348 1664 incerto
1378 1630 1543 1672 austore,

153 1691 276 1715 rumor
289 1708 298 1723 ‚
317 1698 338 1712 <c
357 1681 580 1717 interfe6tum
607 1680 811 1716 Antonium
827 1699 847 1712 υ
875 1694 883 1715 :
911 1679 1031 1714 multis
1051 1679 1158 1715 etiam
1181 1689 1290 1726 caput
1305 1680 1377 1725 ejus
1393 1678 1541 1713 allatum

155 1729 280 1766 vidisse
295 1729 329 1766 se
343 1730 434 1767 adeo
450 1731 685 1779 pervicaciter
701 1729 1005 1767 contendentibus
1023 1755 1031 1770 ,
1049 1738 1088 1764 ut
1114 1740 1191 1776 pars
1213 1740 1343 1778 magna
1360 1727 1545 1776 magistra-

155 1788 257 1815 tuum
271 1793 339 1828 pro
355 1782 456 1828 parta
473 1781 624 1817 vistoria
642 1780 757 1816 statim
772 1780 985 1816 sacrificaret
1000 1780 1040 1816 4.-
1057 1779 1150 1814 Tam
1175 1777 1371 1825 inopinato
1389 1777 1545 1814 successu

155 1828 195 1863 in
218 1829 333 1866 limite
356 1831 497 1879 imperii
529 1830 684 1867 restituta
709 1843 779 1878 pax
808 1844 816 1866 z
842 1840 878 1865 at
895 1828 1069 1877 Principis
1096 1827 1286 1863 crudelitas
1311 1827 1545 1864 inclementer

155 1879 283 1915 saeviit.
302 1879 345 1915 Id
362 1881 507 1930 quidem
523 1881 656 1917 veritus
672 1881 710 1916 L.
722 1880 900 1915 Maximus
913 1907 922 1922 ‚
946 1879 1064 1914 literas
1087 1890 1211 1913 omnes
1231 1877 1268 1912 in
1288 1877 1441 1912 Antonii
1456 1877 1547 1912 scri-

158 1928 228 1964 niis
246 1941 401 1978 repertas
419 1931 501 1978 igne
517 1931 749 1968 aboleverat⁵
767 1958 776 1973 ,
806 1943 850 1966 ne
869 1928 927 1965 cui
944 1927 1142 1977 periculum
1166 1927 1382 1963 facefferent.
1413 1927 1544 1962 Domi-

157 1979 295 2022 tianus,
315 1980 477 2028 periculo
507 1992 611 2017 atrox
627 2008 637 2024 ‚
667 1981 813 2030 quosvis
837 1980 1014 2027 suspeaos
1042 1977 1218 2025 corripuit
1240 1990 1249 2013 ε
1276 1976 1543 2014 ἱηῐθιῑεᾶοῐυῐη

158 2042 306 2078 quoque
318 2030 499 2066 memoriae
520 2030 675 2067 infensus
691 2059 699 2074 ,
718 2030 833 2067 vetuit
856 2047 877 2061 <c
891 2030 929 2064 in
957 2031 1032 2064 afta
1045 2040 1107 2065 eos
1132 2026 1251 2063 referri
1267 2045 1303 2062 υ.
1333 2026 1389 2063 Ne
1404 2027 1543 2075 scriptis

156 2079 304 2128 quidem
329 2080 374 2115 ad
401 2080 563 2116 senatum
591 2080 700 2116 literis
717 2108 725 2123 ‚
754 2092 880 2116 eorum
899 2079 1018 2127 capita
1042 2106 1050 2121 ‚
1079 2088 1118 2113 ut
1137 2079 1170 2113 ὃς
1188 2077 1367 2119 Antonii,
1389 2076 1542 2113 Romam

157 2128 249 2165 misit
265 2141 332 2177 pro
353 2129 471 2165 rostris
485 2130 712 2178 exponenda.
735 2130 778 2165 In
791 2130 858 2165 hac
872 2128 1097 2177 pereuntium
1121 2126 1244 2169 turba,
1261 2126 1334 2162 duo
1355 2127 1423 2162 soli
1438 2140 1458 2162 e
1475 2139 1544 2162 no-

156 2179 311 2215 tioribus
324 2180 433 2217 venia
451 2180 577 2216 donati
592 2179 673 2215 sunt
687 2207 696 2223 ,
712 2179 874 2215 tribunus
888 2177 1102 2221 laticlavius,
1116 2179 1150 2213 ὃς
1165 2176 1342 2219 centurio,
1356 2176 1418 2226 qui
1435 2176 1498 2213 ‹ese
1508 2194 1543 2218 υ,

174 2313 177 2315 .
196 2285 204 2296 ¹
224 2279 338 2307 Vivam
363 2289 541 2308 rii-:rontan-
564 2284 572 2311 ]
608 2281 675 2307 Haec
703 2283 729 2306 ὅ(
758 2279 829 2314 seqq.
912 2287 920 2303 ³
943 2279 1136 2306 CLANGORES
1159 2285 1270 2305 EDIDIT
1289 2281 1298 2308 ]
1320 2276 1468 2304 Suetonius
1491 2278 1544 2303 10ss

161 2312 243 2340 ferme
265 2315 381 2342 totidem
394 2316 483 2342 verbis
497 2316 603 2343 Plinius
618 2335 624 2344 ‚
641 2315 690 2349 Ep.
705 2314 749 2342 IV
760 2336 768 2345 >
790 2325 830 2342 11.
875 2315 923 2341 cit.

161 2348 279 2381 quirem
295 2349 352 2376 fuse
366 2351 543 2385 &eleganter
556 2359 656 2377 narrar.
912 2355 922 2372 ⁴
943 2348 1178 2376 SACRIFICARET
1198 2350 1207 2378 ]
1233 2346 1369 2375 Plutarch.
1408 2347 1436 2373 in
1465 2345 1544 2374 Paul.

198 2388 206 2400 ²
227 2383 360 2415 MOVIT]
386 2385 500 2415 Sueton.
521 2387 550 2414 in
561 2386 669 2414 Domit.
685 2384 811 2414 VLDio
824 2405 831 2415 ,
876 2385 968 2411 AEmil.
987 2393 1047 2418 pag.
1064 2385 1122 2410 268.
1449 2414 1454 2419 .

161 2415 297 2448 LXVII,
319 2428 378 2454 pag.
391 2426 452 2454 764.
910 2426 918 2443 ⁵
937 2419 1010 2447 IGNE
1033 2421 1261 2450 ABOLEVERAT]
1283 2418 1357 2452 Dio,
1372 2417 1480 2445 locem
