1952 2708
274 158 362 201 AD
408 154 774 200 DIALOGUM
812 156 897 196 DE
938 158 1379 205 ORATORLBUS.
1447 179 1536 218 231'

196 238 234 274 81
260 238 421 279 ILLUD]
452 232 520 268 Ms.
546 231 667 269 Vatic.
703 232 802 268 1862
821 257 829 272 ‚
855 232 950 278 istud.

194 287 515 322 SIGNIFICATIONE
544 293 626 318 ISTA
646 285 663 327 ]
691 281 747 318 Ita
772 280 850 317 Mss.
876 281 995 319 Varie.
1019 285 1052 318 ὃς
1068 282 1215 332 Lipsius.
1236 287 1281 324 In
1302 290 1481 328 veteribus
1503 294 1538 328 ὃς

145 334 407 374 recentioribus
429 331 652 369 editionibus
668 360 677 375 ,
693 332 890 380 fignatione.

198 384 327 420 Mam
356 396 452 420 FERE
482 395 531 418 ET
562 393 776 419 TRECENTIS
802 394 917 418 ANN1s
942 385 960 428 ]
988 381 1044 418 Ita
1067 383 1222 420 totidem
1245 385 1355 423 literis
1376 390 1452 426 Mss‘.
1472 391 1540 428 Va-

145 434 209 471 tic.
242 433 336 471 Male
361 433 443 470 libri
465 445 590 469 omnes
616 431 704 468 editi
722 461 731 476 ,
759 434 848 468 mille
864 432 937 479 fere
964 433 1001 467 ξφ
1030 449 1069 468 cc
1097 437 1199 469 annis.

197 485 363 521 IMMENSI
392 496 513 521 mnus
543 495 616 520 AEVI
644 486 662 529 ]
691 482 747 519 Ita
770 482 847 518 Mff.
872 482 990 519 Vatic.
1016 481 1114 518 Libri
1142 483 1256 527 editi,
1280 487 1373 534 hujus
1398 489 1540 535 immenfi

145 538 208 572 ccvi
223 548 237 576 ,·
263 534 364 585 quod
390 533 503 583 paulo
527 533 660 570 durius

197 584 233 620 Si
255 612 265 629 ,
294 597 346 621 UT
375 586 522 621 Cxcrzsso
548 588 566 630 ]
594 583 650 619 Ita
669 581 746 618 Mff.
766 582 882 619 Vatic.
903 582 947 618 In
968 581 1130 620 editione
1149 583 1314 633 principe
1331 611 1341 628 ,
1361 585 1458 632 sicut.
1475 587 1540 624 Pu-

147 634 314 672 teolanus
336 634 564 677 emendavit,
583 632 729 681 fificut.
755 632 870 680 Quod
894 633 1021 668 durum
1043 633 1101 670 est.

203 685 295 721 CUM
321 697 472 721 MAXIME
494 689 512 731 ]
540 682 766 719 Emendabat
789 684 973 725 Muretus,
1001 694 1069 718 tum
1093 685 1246 720 maxime.

197 735 310 780 Quos
339 747 412 770 Nos
442 746 622 771 VOCAMUS
647 736 665 778 ]
696 734 794 769 Bene
814 732 890 770 Mss'.
910 732 1028 769 Varie.
1051 733 1092 770 In
1116 734 1296 771 veteribus
1321 734 1542 771 editionibus

146 784 313 822 omissum
328 812 338 828 ‚
363 798 437 834 quos
452 799 467 819 :
495 785 533 820 in
553 782 779 828 recentibus,
809 783 938 833 quibus
960 784 1104 831 praeivit
1129 783 1323 821 Rhenanus
1338 813 1348 828 ‚
1376 799 1443 820 nos.

197 835 401 871 ANNORUM
432 846 481 871 ΧΠ
509 847 538 870 Μ
567 844 759 870 Decccmv
787 837 804 880 ]
835 833 932 870 Male
964 833 1049 869 libri
1085 847 1209 871 ornnes
1242 835 1353 879 editi,
1387 848 1542 870 annorum

147 899 224 919 ,γιι
252 901 283 919 M
304 900 472 921 Περσων.
496 884 652 934 Magnus
673 883 770 920 enirn
787 896 899 919 annus
916 911 925 927 ‚
954 885 1096 921 εὶιιξὶοῑε
1120 885 1300 922 Cicerone
1319 885 1356 921 in
1378 886 1544 922 Horten-

148 933 199 971 sio
214 961 224 978 ,
246 934 551 984 compleRebatur
572 946 687 970 annos
706 933 902 970 duodecim
923 934 1037 969 millia
1056 945 1260 986 nongentos
1279 935 1542 986 quinquaginta

148 994 316 1034 quatuor.
341 986 433 1023 Rem
457 984 645 1021 illustrabit
671 983 888 1033 definietque
913 983 1066 1021 Servius.

577 1082 675 1139 De
712 1104 904 1161 magno
947 1106 1107 1141 anno.

149 1207 453 1295 AEMAdGmHanni
481 1208 661 1259 originem
679 1207 837 1257 explicat
856 1208 997 1246 Servitls
1021 1209 1066 1245 ad
1088 1209 1186 1246 hunc
1207 1207 1354 1258 Virgilii
1375 1208 1513 1246 versum
1529 1223 1543 1254 5

197 1259 256 1296 nei
285 1259 331 1295 ,Ι
388 1285 398 1302 ,
430 1260 519 1307 284.

347 1325 460 1354 Interea
481 1334 610 1364 magnum
623 1324 669 1364 fil
688 1323 908 1354 circumvolvitur
931 1333 1045 1354 annum.

150 1396 173 1412 «ε
198 1381 356 1428 Magnum
368 1397 391 1412 ο»
401 1410 409 1422 ‚
425 1393 461 1415 ne
470 1392 655 1426 putaremus
669 1381 812 1415 lunarem
827 1379 881 1426 esse
894 1407 902 1423 ‚
918 1390 1084 1427 propterea
1098 1380 1196 1416 dixit.
1214 1381 1351 1430 Antiqui
1364 1384 1446 1418 enim
1459 1393 1543 1417 tem«

146 1442 227 1475 pora
248 1430 400 1477 sideribus
425 1431 674 1477 computabant,
701 1431 738 1466 ἔτ
765 1431 918 1466 dixerunt
942 1433 1047 1477 primo
1079 1431 1224 1466 lunarem
1255 1444 1374 1466 annum
1405 1435 1545 1480 triginta

150 1480 272 1515 dierum
286 1495 300 1515 .·
321 1480 402 1515 unde
423 1483 587 1515 invenitur
604 1484 637 1515 in
656 1481 814 1528 aliquibus
833 1483 904 1516 vita
922 1492 1150 1528 nongentorum
1162 1494 1316 1516 annorum
1330 1483 1471 1529 ‚scilicet
1494 1484 1544 1517 lu-

150 1533 291 1566 narium.
313 1529 425 1578 Postea
442 1530 628 1577 fhlstitialis
651 1543 752 1566 annus
773 1543 910 1577 repertus
934 1531 975 1578 est
992 1559 1001 1573 ‚
1031 1534 1084 1579 qui
1108 1531 1269 1566 duodecim
1295 1535 1434 1567 continet
1455 1545 1545 1568 men-²

143 1580 207 1627 ses.
229 1581 313 1615 Mox
336 1584 455 1628 majore
479 1581 556 1616 curd
581 1594 732 1628 magnum
758 1594 877 1616 annum
899 1582 952 1629 eſje
970 1582 1163 1625 voluerunt,
1190 1582 1330 1616 omnibus
1349 1583 1488 1629 planetis
1509 1585 1543 1617 irz

150 1630 294 1665 eumdem
318 1631 547 1666 recurrentibus
570 1632 692 1674 locum,
721 1631 757 1666 &⁶
777 1632 831 1666 hoc
846 1631 914 1679 fit,
940 1643 974 1666 ut
1001 1631 1166 1674 diximus,
1184 1632 1360 1678 secundum
1384 1635 1543 1668 Ciceronis

152 1679 355 1727 Hortensium
373 1707 382 1722 ,
404 1680 474 1727 post
499 1694 597 1716 annos
621 1682 782 1717 duodecim
807 1683 913 1716 millia
941 1693 1110 1730 nongentos
1135 1685 1368 1730 quinquaginta
1384 1694 1544 1730 quatuor,

145 1729 332 1777 solstitiales
346 1732 482 1778 scilicet.
505 1732 589 1766 Bene
612 1745 683 1779 ergo
708 1744 789 1766 nunc
813 1749 835 1763 <e
856 1745 1007 1780 magnum
1026 1749 1047 1763 υ
1068 1731 1219 1775 addidit,
1250 1745 1285 1766 ne
1309 1733 1468 1767 Lunarem
1491 1735 1546 1767 in·-

154 1781 380 1827 telligeremus.
402 1782 487 1816 Bene
510 1799 531 1813 ee
554 1782 637 1817 Solis
659 1799 681 1813 κ
707 1795 815 1817 nomen
829 1809 839 1825 ‚
867 1795 903 1818 ne
927 1785 1000 1830 quia
1019 1782 1147 1817 dixerat
1165 1799 1186 1814 ιε
1203 1795 1354 1829 magnum
1371 1800 1392 1814 ο)
1408 1809 1417 1825 ,
1449 1782 1545 1817 illum

155 1830 229 1866 VII
246 1831 451 1876 planetarum
470 1834 677 1878 acciperemus
690 1832 726 1867 ξφ
740 1833 943 1867 Platonicum
962 1845 977 1874 ;
994 1832 1030 1867 de
1054 1846 1112 1881 quo
1134 1835 1229 1867 varia
1243 1834 1279 1867 θ’
1301 1846 1321 1867 a
1337 1833 1465 1867 Metone
1478 1859 1488 1875 ,
1506 1833 1545 1868 {9⁹

155 1880 194 1914 ab
208 1880 341 1915 Eudoxo
352 1908 362 1924 ,
382 1882 418 1917 ἔπ’
430 1895 449 1916 α
464 1883 633 1917 Ptolemaeo
648 1908 657 1925 ‚
673 1883 834 1929 &abipso
848 1883 965 1917 Tullio.
977 1883 1065 1917 Nam
1078 1886 1109 1917 in
1128 1883 1216 1917 libris
1231 1883 1266 1917 de
1279 1882 1406 1916 deorum
1423 1881 1543 1916 naturai

156 1931 223 1964 tria
249 1931 356 1965 millia
377 1944 531 1966 annorum
557 1933 634 1967 dicit
658 1946 809 1979 magnum
836 1945 954 1967 annum
980 1943 1092 1968 tenere.
1118 1932 1328 1968 Innumero
1348 1931 1545 1968 duodecim

157 1978 312 2014 millium
324 1992 591 2030 nongentorum
612 1982 873 2032 quinquaginta
897 1993 1051 2032 quatuor
1065 1995 1241 2018 annorum
1264 1981 1465 2018 concordat
1480 1995 1546 2018 ve-

155 2027 356 2065 tustissimus
371 2030 484 2067 Servii
496 2032 560 2067 Ms.
572 2032 766 2081 codex‚qui
777 2033 843 2068 fuit
854 2032 943 2068 olim
957 2034 993 2068 in
1010 2032 1241 2069 Bibliotheca
1252 2031 1408 2081 Collegi}
1425 2032 1546 2068 Ludo-

156 2079 229 2114 vici
239 2080 374 2128 Magni.
387 2080 476 2116 Inde
486 2082 612 2117 erroris
625 2094 748 2131 arguas
760 2109 770 2126 ,
783 2085 815 2118 δε
828 2082 933 2118 facile
943 2083 1107 2119 emendes
1119 2082 1267 2118 alterum
1279 2081 1391 2118 Servii
1409 2082 1547 2124 locum,

156 2129 196 2164 in
214 2130 369 2166 numeris
384 2130 537 2166 omnino
555 2143 776 2180 corruptum.
791 2132 850 2168 Sic
865 2133 958 2169 enirn
975 2132 1026 2168 ibi
1043 2132 1184 2168 Servius
1198 2131 1394 2169 adAEneid.
1410 2132 1439 2175 I,
1456 2144 1547 2179 273,

157 2179 333 2214 Secundum
353 2181 495 2215 Tullium
520 2195 653 2230 magnus
671 2194 781 2217 annus
796 2209 805 2225 ,
833 2185 887 2230 qui
907 2195 989 2218 tener
1007 2184 1070 2218 ΞΠ
1095 2198 1188 2219 Dm·
1207 2195 1304 2218 annos
1319 2197 1333 2216 .·
1359 2194 1391 2217 ut
1415 2185 1448 2217 in
1466 2184 1547 2217 Hor-

158 2229 274 2276 unfto,
301 2247 322 2261 :e
340 2231 383 2264 Et
403 2232 512 2265 horum
530 2245 684 2267 annorum
698 2258 707 2274 ‚
736 2245 809 2280 quos
830 2234 863 2266 in
880 2233 977 2280 frisiis
996 2233 1164 2276 hahemus,
1194 2245 1327 2281 magnus
1352 2233 1421 2268 ᾗ
1448 2247 1545 2269 DLJV

160 2292 280 2314 mannos
306 2282 506 2327 amplcc‘lizur
528 2299 561 2317 ο».
586 2281 782 2318 Certissime
802 2282 1065 2319 emendandum
1087 2295 1154 2318 x11
1183 2294 1396 2324 DCCCCLIV,
1420 2293 1460 2318 ut
1482 2294 1545 2330 pa-

162 2337 214 2364 tet
235 2340 309 2365 turn
330 2343 349 2367 e
374 2331 528 2374 Tacito,
556 2342 632 2368 turn
660 2344 701 2368 ex
720 2332 800 2380 ipfis
815 2360 824 2375 ,
851 2333 973 2380 priore
995 2332 1083 2369 loco
1102 2333 1240 2376 allatis,
1267 2332 1379 2369 Servii
1400 2332 1519 2369 verbis
1533 2361 1543 2373 ‚

164 2378 218 2413 hoc
231 2379 303 2426 fit,
331 2392 366 2418 ut
385 2382 552 2428 diximus,
582 2383 753 2431 ⁹fecundum
780 2385 935 2424 Ciceronis
962 2383 1188 2431 Hortensium,
1209 2383 1281 2431 post
1307 2395 1404 2419 annos
1427 2381 1545 2421 duode-
