1952 2708
360 171 698 214 mii-Locus
732 168 816 209 DE
850 168 1292 216 ORATORIBUS.
1449 189 1528 228 159

142 257 210 312 qui
233 254 377 295 faciem
405 250 643 304 eloquentiae
659 277 672 298 ,
701 262 784 288 non
806 248 1020 302 imaginem
1046 253 1238 304 praestaret
1259 273 1267 296 :
1294 270 1372 297 nec
1390 257 1529 299 adver-

142 318 231 360 sarii
257 322 268 339 ¹
297 320 337 357 ὅ(
360 312 490 354 aemuli
503 343 516 365 ,
543 312 674 363 ferro,
695 327 779 352 non
804 309 966 352 rudibus
996 315 1010 331 ²
1040 311 1274 357 dimicantes
1295 335 1303 357 :
1326 320 1391 361 sed
1415 322 1528 363 audi-

141 381 290 422 torium
315 378 471 434 semper
495 375 685 434 plenum,
712 376 866 431 semper
888 389 1069 425 novum,
1092 390 1141 416 ex
1160 378 1305 420 invidis
1329 385 1369 421 ὃς
1389 384 1526 426 faven-

140 443 244 484 tibus
260 472 273 494 ,
303 455 349 483 ut
384 457 460 482 nec
488 440 591 482 bene
622 440 724 481 diua
749 444 759 468 ³
786 438 1130 480 dissimularentur.
1156 442 1275 483 Scitis
1307 445 1414 484 enim
1443 462 1527 488 ma-

91 523 115 563 5
141 521 260 563 gnam
291 505 403 547 illam
437 509 478 546 &
509 504 735 546 duraturam
768 501 1005 558 eloquentiae
1035 502 1182 544 famam
1217 520 1298 545 non
1326 509 1455 549 minus
1485 511 1528 551 in

141 569 300 612 diversis
326 567 520 610 subselliis
548 569 675 624 parari
699 597 712 618 ‚
739 566 857 622 quam
887 566 964 608 suis
993 583 1001 607 ε
1034 568 1258 621 quinimmo
1286 573 1528 614 constantius

141 634 302 689 surgere
327 632 406 682 ibi,
433 630 587 673 fidelius
610 630 872 673 corroborari.
892 631 1026 685 Atque
1047 629 1213 672 hercule
1238 630 1307 672 sub
1332 631 1529 684 ejusmodi

143 695 452 753 praeceptoribus
477 693 633 748 juvenis
659 693 728 735 ille
745 724 757 744 ‚
788 695 836 735 de
859 710 938 749 quo
960 694 1190 749 loquimur,
1221 708 1424 736 oratorum
1452 698 1530 737 dis-

143 758 329 816 cipulus,
358 759 436 800 fori
461 758 646 808 auditor,
679 758 846 799 sedator
873 757 1115 811 judiciorum
1133 788 1146 809 ,
1179 759 1356 800 eruditus
1387 764 1427 800 ὃ(
1459 761 1531 801 ad-

66 840 120 874 ‚10
145 822 337 864 suefattus
360 821 500 863 alienis
527 823 810 878 experimentis
827 851 840 872 ,
869 823 934 863 cui
950 853 962 872 ,
991 823 1170 877 quotidie
1194 823 1397 874 audienti,
1426 838 1530 864 notae

144 885 282 942 leges,
311 901 394 926 non
422 887 519 926 novi
546 885 726 938 judicum
753 884 910 936 vultus,
937 886 1120 940 frequens
1143 887 1184 926 in
1210 885 1338 927 oculis
1361 888 1530 928 consue-

143 950 243 991 tudo
271 951 544 1000 concionum,
571 950 668 1005 saepe
696 951 866 1004 cognitae
887 949 1027 1005 populi
1047 964 1156 990 aures
1171 979 1183 999 ‚
1212 949 1289 990 five
1310 951 1533 992 accusatio-

144 1028 237 1054 nem
261 1013 484 1069 susceperat
498 1043 511 1063 ,
535 1013 613 1053 five
637 1013 906 1054 defensionem
922 1042 934 1062 ‚
957 1013 1061 1054 solus
1082 1014 1208 1054 statim
1231 1017 1269 1054 δε
1291 1029 1391 1055 unus
1413 1020 1430 1043 4
1450 1016 1532 1055 cui·

145 1091 318 1131 cumque
343 1077 465 1118 causae
487 1091 557 1133 par
584 1089 679 1117 erat.
702 1076 995 1119 Nonodecimo
1024 1082 1036 1108 5
1063 1078 1184 1117 aetatis
1208 1092 1313 1118 anno
1340 1078 1388 1118 L.
1415 1077 1531 1118 Cras-

72 1154 117 1194 15
146 1139 208 1181 sus
245 1139 293 1181 C.
327 1139 553 1181 Carbonem
579 1170 593 1191 ,
626 1155 709 1181 uno
738 1144 779 1180 ὅ(
813 1140 1002 1180 vicesimo
1032 1139 1050 1161 ⁶
1077 1140 1206 1180 Caesar
1235 1140 1493 1181 Dolabellam
1515 1170 1531 1192 ,

146 1202 274 1244 altero
302 1207 342 1243 ὅ(
373 1203 562 1244 vicesimo
599 1203 754 1244 Asinius
793 1200 927 1243 Pollio
957 1203 1005 1244 C.
1031 1203 1260 1254 Catonem,
1290 1220 1370 1245 non
1401 1203 1531 1245 multo

147 1279 259 1307 aetate
287 1266 528 1307 antecedens
553 1265 702 1307 Calvus
724 1267 933 1308 Vatinium
958 1271 971 1293 ⁷
988 1296 999 1316 ‚
1024 1268 1070 1306 iis
1095 1267 1341 1309 orationibus
1362 1268 1532 1309 insecuti

147 1330 266 1380 sunt,
299 1344 392 1384 quas
420 1329 619 1383 hodieque
644 1343 735 1370 cum
762 1328 1024 1370 admiratione
1046 1328 1231 1384 legimus.

147 1477 248 1507 Notas
262 1475 295 1507 &
306 1475 549 1507 Emendationes
568 1476 606 1507 ad
620 1486 684 1515 cap.
701 1486 746 1513 33.

190 1520 197 1534 ¹
233 1516 302 1546 Nnc
332 1518 564 1553 ADVERSARn]

146 1553 311 1584 adversarii
328 1556 361 1586 &
373 1555 490 1594 aemuli,
509 1555 563 1595 qui
578 1554 679 1593 ferro,
694 1565 761 1587 non
772 1566 821 1585 tu-

147 1592 238 1624 dibus
256 1593 456 1625 dimicabant.

187 1637 200 1651 ²
222 1633 294 1664 Nou
316 1636 478 1672 nunnius]
503 1634 617 1671 Rudis,
641 1643 706 1665 erat
722 1634 819 1673 virga,

149 1671 210 1711 qua
223 1673 431 1712 gladiatorum
451 1674 569 1704 tirones
585 1675 819 1710 exercebantur,

860 1485 931 1506 nem
960 1477 1114 1507 accusavit
1154 1478 1271 1508 Crassus
1303 1489 1402 1510 annos
1442 1488 1532 1511 natum

599 1517 666 1546 Nec
691 1516 819 1546 deerant
859 1526 955 1545 unum
978 1517 1011 1546 &c
1032 1517 1143 1555 viginti
1158 1527 1213 1552 ‚ut
1231 1518 1293 1555 ipse
1317 1520 1440 1549 testatur
1452 1520 1532 1558 apud

860 1554 1049 1586 Ciceronem
1067 1557 1136 1586 libr.
1153 1558 1205 1586 ΠΙ.
1233 1558 1271 1587 de
1287 1559 1420 1589 Oratore
1432 1582 1440 1595 ‚
1466 1570 1534 1598 cap,

860 1605 900 1633 74
914 1617 923 1630 ‚
952 1594 1014 1634 ipsc
1039 1596 1155 1625 omnium
1178 1597 1336 1626 maturrime
1353 1597 1389 1626 ad
1409 1597 1534 1634 publicas·

861 1635 956 1673 caustis
977 1636 1081 1666 accessi
1096 1660 1105 1672 ,
1127 1636 1260 1675 annosyue
1281 1647 1364 1665 natus
1396 1647 1477 1666 unum
1501 1637 1533 1667 Cr

860 1674 962 1713 viginti
980 1674 1162 1714 nobiliffimum
1178 1674 1307 1705 hominem
1325 1676 1354 1705 Εν
1373 1676 1533 1716 eloquentis-

148 1719 316 1750 antequam
335 1712 416 1744 ferro
440 1713 703 1753 mucronibusque
725 1713 820 1744 dimi-
851 1713 952 1752 fimum
970 1714 999 1743 in
1018 1715 1149 1753 judicium
1168 1716 1294 1746 vocavi.
1317 1717 1421 1747 Postea
1437 1725 1534 1747 matu-

148 1759 268 1782 carent.

190 1795 198 1816 3
222 1791 290 1822 NEc
318 1802 392 1822 BENE
417 1797 531 1826 Dici-ix]
554 1793 746 1823 Emendabat
758 1791 821 1821 Ro-

151 1829 281 1867 dolphus
305 1831 451 1870 Agricola
471 1856 479 1868 ‚
502 1831 564 1861 Nec
588 1831 654 1861 hene
677 1842 725 1861 nec
753 1830 822 1859 nmlc'

149 1867 231 1898 dian.
251 1870 299 1899 Ad
310 1870 429 1901 sensum
445 1870 590 1910 apposite.

190 1916 206 1934 ⁴
225 1909 320 1939 Sonus
340 1920 457 1941 STATIM
480 1922 517 1942 ET
541 1913 646 1949 uuus]
678 1912 763 1941 Bene
785 1909 823 1938 Il-

153 1950 234 1980 lustr.
254 1948 382 1980 Huetius
403 1960 411 1978 :
435 1949 500 1979 Non
519 1949 567 1978 hoc
576 1949 633 1990 fibi
652 1950 709 1979 vult
721 1948 822 1978 nullum

152 1989 238 2018 alium
259 1997 360 2023 praeter
379 1989 462 2027 ipfitm
483 1989 636 2028 cuicumque
656 1990 742 2028 causae
766 1998 821 2025 pa-

153 2039 209 2058 rem
222 2025 300 2065 filiffe
313 2026 379 2065 ‚sed
391 2038 579 2068 quamcumque
599 2031 706 2066 causam
718 2028 754 2057 ad
765 2038 822 2057 eum

151 2068 286 2108 detulzffifs
300 2066 404 2104 ‚Jblum
428 2068 528 2106 ipfian,
548 2067 621 2097 nullo
640 2069 667 2097 in
678 2068 823 2107 fizbstci'ium

152 2108 279 2147 afflmpto
294 2133 303 2146 ‚
323 2105 426 2134 nullius
443 2106 575 2137 advocato
595 2107 699 2137 auxilio
714 2132 724 2145 ,
741 2107 823 2147 susti-

152 2158 218 2177 nere
231 2148 313 2186 ipsam
322 2146 441 2185 potui'ffe.

197 2193 205 2213 5
230 2189 454 2218 Nonoorcimo
482 2191 492 2221 ]
527 2187 619 2218 Error
648 2186 759 2225 aliquis
791 2187 824 2216 in

156 2227 290 2256 numeris
323 2225 448 2264 irrepsit.
483 2227 582 2257 Natus
616 2227 655 2257 est
681 2226 765 2256 enim
786 2227 824 2256 L.

158 2266 275 2297 Crassus
289 2290 298 2304 ‚
322 2265 393 2296 teste
418 2265 573 2296 Cicerone
589 2266 626 2296 de
642 2266 714 2296 clar.
737 2268 823 2297 Orat.

159 2314 224 2343 cap.
254 2317 289 2343 43
312 2328 322 2341 ‚
355 2307 394 2342 Q.
417 2305 567 2343 Caepione
589 2306 623 2336 ὃς
657 2306 694 2335 C.
725 2306 823 2337 Laelio

162 2344 348 2380 consulibus,
361 2354 444 2375 anno
460 2344 548 2374 Urbis
563 2345 697 2376 conditae
710 2357 824 2377 Dcxw.

159 2383 277 2413 Consul
307 2383 365 2415 fuit
391 2386 426 2415 C.
446 2384 580 2422 Papirius
605 2386 709 2415 Carbo
740 2395 824 2416 anno

160 2422 196 2453 U.
210 2423 245 2454 C.
260 2434 422 2460 ncxxxw.
443 2425 536 2456 Anno
553 2424 695 2464 sequenti
710 2426 827 2458 Carbo-

861 1753 922 1784 rius
944 1762 1066 1785 oratum
1083 1754 1168 1785 fuiffe
1188 1756 1267 1786 testis
1286 1755 1326 1786 est
1346 1755 1479 1792 Plinius,
1494 1759 1534 1793 V,

862 1794 916 1831 Ep.
936 1795 973 1830 8,
992 1795 1045 1833 qui
1063 1794 1256 1834 undevicejfimo
1280 1796 1374 1824 aeratis
1393 1805 1466 1824 anno
1485 1794 1533 1824 di-

862 1842 921 1861 cere
935 1832 1029 1869 injbro
1043 1834 1147 1874 coepit.

903 1873 916 1891 ⁶
938 1874 1003 1903 Uno
1038 1886 1075 1905 ET
1110 1873 1290 1910 Vicrsimo]
1312 1873 1408 1904 Julius
1437 1874 1535 1904 Caesai:

863 1918 950 1942 natus
978 1912 1018 1942 est
1048 1924 1131 1944 anno
1154 1915 1190 1944 U.
1212 1914 1249 1943 C.
1264 1924 1383 1949 ocius,
1408 1915 1536 1945 Corne-

863 1951 939 1981 lium
948 1952 1145 1983 Dolabellam
1156 1977 1164 1990 ,
1177 1953 1369 1983 consularem
1381 1953 1414 1983 ὅ(
1426 1953 1537 1983 trium-

864 1990 985 2028 phalem
1010 1992 1113 2023 virum
1138 2016 1147 2029 ,
1176 1993 1413 2031 repetundarum
1436 1992 1537 2030 postu-

863 2030 940 2061 lavit
956 2040 1039 2062 anno
1056 2034 1091 2062 U.
1105 2034 1142 2062 C.
1165 2043 1323 2063 DCLXXVH
1339 2055 1347 2068 ,
1363 2039 1396 2061 ut
1410 2032 1536 2062 videtur

864 2080 901 2099 ex
913 2071 1065 2101 Suetonio
1080 2071 1111 2101 in
1126 2072 1184 2101 Jul.
1202 2073 1252 2102 IV.
1274 2072 1307 2101 &
1320 2081 1358 2101 ex
1372 2071 1536 2103 Plutarcho

864 2109 896 2138 in
911 2110 971 2139 Jul.
987 2120 1053 2148 pag.
1068 2113 1140 2149 708.
1158 2111 1236 2148 Ergo
1251 2120 1324 2140 tunc
1339 2109 1451 2149 viginti
1463 2120 1536 2148 tres,

863 2156 914 2178 aut
941 2148 1058 2188 viginti
1087 2158 1220 2189 quatuor
1241 2160 1340 2181 annos
1361 2159 1449 2182 natus
1471 2159 1535 2184 erat

864 2187 971 2218 Caesar.

906 2233 918 2253 7
940 2230 1068 2259 ΕΑινυε
1089 2229 1270 2264 νΛτιΝωΜ]
1292 2229 1339 2259 De
1352 2228 1453 2260 Calvo
1473 2230 1535 2260 dio

864 2274 930 2296 tum
943 2268 1027 2306 supra
1038 2278 1152 2307 cap.17.
1164 2270 1190 2298 Is
1201 2269 1359 2300 Vatinium
1369 2269 1406 2299 de
1414 2270 1534 2300 ambitu

864 2307 1028 2338 accusavit.
1046 2308 1150 2338 Paucis
1163 2308 1392 2345 Quintilianus,
1415 2308 1534 2348 Instirut.

867 2346 947 2376 Orar.
972 2348 1051 2384 XII,
1074 2351 1094 2378 6
1110 2371 1118 2384 ‚
1142 2347 1246 2376 Calvus
1264 2372 1273 2385 ‚
1300 2347 1411 2387 Caefizr,
1426 2348 1510 2376 Pollio
1524 2368 1537 2382 2

864 2386 975 2415 ηῑιιίειὶιη
991 2397 1056 2416 time
1069 2386 1235 2426 quaestoriam
1248 2397 1339 2418 omnes
1352 2396 1459 2421 aetatem
1467 2395 1536 2427 grae

864 2426 963 2466 ziffima
975 2426 1082 2465 judicia
1102 2426 1307 2468 susceperunt.
