1952 2708
323 143 385 184 90
595 127 643 167 C.
696 122 1099 167 CORNELII
1148 122 1433 166 TACITI

326 209 521 254 anteferre
536 236 548 258 ‚
576 221 622 247 ut
643 208 711 262 qui
735 206 858 247 modo
882 205 1063 262 linguam
1086 208 1313 248 Romanam
1346 204 1600 257 abnuebant,
1630 204 1718 248 elo<

329 273 534 328 quentiam
564 270 916 326 concupiscerent:
955 271 1047 312 inde
1073 272 1192 311 etiam
1222 269 1381 311 habitus
1406 271 1527 311 nostri
1553 272 1716 322 honor,

330 342 371 377 ὃς
397 335 583 388 frequens
608 348 723 390 toga:
750 333 1038 390 paullatimque
1066 333 1276 374 discessum
1299 334 1348 373 ad
1369 332 1631 375 delinimenta
1656 335 1719 374 vi-

328 400 480 439 tiorum
494 427 507 448 ‚
530 399 736 454 porticus,
760 402 800 439 &
820 396 961 438 balnea
975 426 987 447 ,
1010 401 1051 437 ὃς
1072 397 1355 437 conviviorum
1379 395 1643 451 elegantiam:
1664 397 1721 438 id-

337 476 413 516 que
430 462 536 517 apud
548 463 754 519 imperitos
771 462 1032 502 «humanitas
1046 477 1067 497 »
1090 458 1326 511 vocabatur,
1344 462 1434 501 cum
1455 474 1542 514 pars
1559 459 1721 501 servitu-
1742 469 1766 509 5

331 527 382 566 tis
411 525 518 566 effet.

395 587 552 629 XXII.
587 588 807 629 TERTIUS
838 587 1144 644 expeditionum
1171 601 1297 628 annus
1327 592 1337 608 ¹
1372 600 1496 627 novas
1530 598 1670 641 gentes
1702 589 1720 607 ²

331 652 506 708 aperuit,
521 653 675 693 vastatis
697 653 820 706 usque
843 652 892 692 ad
904 652 1061 692 Taum3
1089 654 1100 701 (
1121 651 1294 691 aestuario
1318 665 1468 691 nomen
1491 651 1543 689 est
1562 653 1574 700 )
1596 650 1724 690 natio-

332 714 471 756 nibus:
499 715 575 769 qua
599 715 814 756 formidine
841 716 968 755 territi
995 715 1153 764 hostes,
1182 728 1419 768 quamquam
1447 713 1722 754 conl-'licitatum

330 778 440 819 saevis
466 779 763 835 tempestatibus
790 780 1012 819 exercitum
1026 809 1038 829 ‚
1067 777 1253 819 lacess‘ere
1278 792 1360 818 non
1385 777 1487 818 auli:
1512 776 1722 833 ponendis-
1752 784 1806 814 10

332 856 409 896 que
435 843 596 898 insuper
627 842 795 884 castellis
824 843 995 898 spatium
1028 842 1117 882 fuit.
1150 840 1412 882 Adnotabant
1453 841 1598 896 peritij
1639 854 1725 882 non

333 904 456 945 alium
481 906 626 946 ducem
654 907 974 962 opportunitates
999 904 1185 946 locorum
1212 905 1426 961 sapientius
1447 903 1606 959 legiffe:
1634 901 1726 944 nul-

332 966 419 1008 lum
447 968 494 1009 ab
520 969 716 1024 Agricola
742 970 912 1026 posltum
939 968 1144 1011 castellum
1171 982 1239 1009 aut
1262 970 1302 1008 vi
1327 969 1500 1008 hostium
1521 981 1726 1023 expugna-

332 1044 446 1082 tum,
479 1046 547 1073 aut
572 1035 754 1088 paffione
783 1038 801 1062 4
830 1049 876 1074 ac
909 1031 1004 1088 fuga
1031 1033 1244 1073 desertum.
1270 1031 1426 1072 Crebra:
1459 1032 1689 1087 eruptiones
1716 1046 1725 1071 z

333 1109 426 1134 nani
453 1095 638 1137 adversus
667 1111 796 1137 moras
828 1096 1071 1145 obsidionis,
1100 1097 1241 1136 annuis
1270 1096 1398 1151 copiis
1429 1093 1687 1135 firmabantur
1716 1109 1724 1133 :
1755 1098 1806 1139 15

330 1157 390 1198 ita
414 1159 612 1213 intrepida
636 1159 691 1199 ibi
715 1160 843 1199 hiems
857 1189 881 1211 ,γ
896 1163 937 1199 &
962 1158 1031 1198 fibi
1053 1158 1216 1212 quisque
1240 1159 1416 1214 praesidio
1430 1188 1444 1208 ,
1466 1158 1593 1198 inritis
1613 1157 1729 1197 hosti—

333 1218 406 1261 bus
421 1251 433 1271 ,
465 1220 594 1274 eoque
616 1222 915 1278 desperantibus
932 1253 945 1272 ,
963 1223 1055 1276 quia
1074 1220 1182 1262 soliti
1203 1221 1438 1277 plerumque
1465 1221 1610 1261 damna
1630 1220 1729 1261 aesta-

333 1284 384 1323 tis
406 1282 582 1325 hibernis
603 1285 816 1326 eventibus
838 1286 1001 1342 pensare
1016 1314 1028 1335 ,
1057 1298 1144 1325 tum
1168 1285 1292 1325 :estate
1315 1298 1431 1338 atque
1457 1285 1589 1323 hieme
1617 1281 1732 1335 juxt‘a

335 1345 602 1402 pellebantur.
624 1351 719 1390 Nec
741 1348 936 1403 Agricola
957 1363 1145 1403 umquam
1169 1363 1239 1404 per
1261 1346 1360 1388 alios
1381 1347 1487 1402 gesta
1510 1346 1648 1387 avidus
1668 1347 1729 1385 in-

336 1411 526 1465 tercepit:
554 1411 622 1451 seu
647 1413 831 1453 centurio
846 1441 860 1462 ‚
890 1412 956 1452 seu
981 1411 1181 1468 praefeEtus
1194 1441 1208 1462 ,
1236 1412 1517 1466 incorruptum
1540 1409 1631 1449 faeci
1651 1408 1728 1449 tes·
1751 1410 1811 1448 202

334 1485 418 1513 tem
446 1472 630 1515 habebat.
660 1475 781 1532 Apud
808 1475 999 1529 quosdam
1027 1473 1209 1516 acerbior
1240 1475 1282 1514 in
1315 1474 1512 1515 conviciis
1543 1471 1729 1513 narraba-

333 1548 423 1576 tur:
451 1549 495 1576 ut
518 1551 601 1578 erat
623 1536 740 1579 bonis
765 1539 917 1589 comis,
941 1539 995 1579 ita
1019 1538 1204 1579 adversus
1228 1536 1355 1578 malos
1378 1535 1639 1589 injucundus:
1667 1550 1730 1577 ce-

334 1601 465 1639 terum
487 1613 537 1639 ex
556 1599 762 1642 iracundia
782 1600 885 1641 nihil
907 1602 1124 1658 supererat:
1148 1601 1345 1642 secretum
1367 1604 1406 1642 ὅζ
1424 1599 1624 1641 silentium
1643 1597 1729 1652 ejus

338 1677 420 1702 non
446 1663 628 1705 timeres:
660 1666 861 1706 honestius
885 1665 1049 1721 putabat
1069 1664 1301 1714 offendere,
1329 1663 1447 1719 quam
1468 1662 1603 1704 odiffe.

400 1724 586 1767 XXIII.
623 1729 841 1782 QUARTA
868 1730 969 1769 aestas
995 1733 1007 1759 5
1033 1727 1261 1770 obtinendis
1283 1726 1326 1777 ⁶,
1351 1742 1434 1781 quae
1458 1738 1727 1782 percurrerat,
1753 1728 1807 1775 25

336 1787 558 1844 insumpta:
590 1806 636 1832 ac
658 1791 685 1830 fi
704 1793 829 1833 virtus
851 1793 1102 1833 exercituum
1130 1795 1171 1832 &
1197 1792 1375 1832 Romani
1403 1790 1584 1831 nominis.
1599 1786 1730 1842 gloria

336 1864 565 1906 pateretur,
596 1855 784 1897 inventus
812 1856 854 1895 in
881 1855 965 1912 ipsa
998 1851 1206 1896 Britannia
1234 1855 1441 1895 terminus.
1469 1854 1578 1894 Nam
1607 1850 1730 1893 Clota

335 1984 389 2005 ma
414 1977 422 2006 !
452 1977 566 2009 Mirum
598 1988 701 2011 autem
723 1982 764 2012 est
785 1980 965 2021 Agricolam
982 1982 1015 2012 in
1054 1981 1136 2012 inter
1153 1980 1366 2021 Solway-Firth
1387 1979 1423 2011 &
1444 1977 1522 2007 Firrh
1543 1977 1652 2017 ofTay.
1680 1975 1730 2007 lbi

338 2014 397 2044 hac
423 2024 600 2057 temporum
621 2021 763 2051 barbarie
798 2021 925 2060 ingenia
953 2022 1017 2051 Bri·
1055 2032 1138 2052 nunc
1167 2020 1338 2060 provinciae
1367 2017 1562 2054 Αηηαηᾱαίε,
1584 2016 1731 2055 Eusdale,

338 2059 713 2101 t‹imnqrurrnprarzsensiss‘e
731 2084 739 2097 ‚
768 2071 835 2100 quae
847 2084 856 2097 ‚
882 2069 932 2091 tot
952 2062 1016 2100 post
1054 2059 1179 2100 Clysdale
1192 2085 1201 2098 ‚
1225 2059 1371 2089 Tweedale
1385 2081 1393 2093 ‚
1418 2057 1567 2093 Berwick,
1581 2055 1703 2085 Lothian
1717 2077 1729 2094 ‚

337 2093 454 2124 stem-¹¹¹⁸
477 2120 485 2133 a
518 2099 748 2130 nnmottalibus
782 2100 1015 2130 clarissimorum
1054 2100 1175 2139 sterling
1187 2124 1196 2136 ‚
1215 2099 1342 2128 Mentetlz
1355 2122 1363 2135 ‚
1379 2097 1463 2127 Perrh
1475 2121 1484 2133 ‚
1501 2096 1570 2133 Fife.

336 2132 479 2163 virorum
493 2137 584 2165 Bczcon
595 2161 604 2173 ‚
628 2138 729 2167 Milton
744 2163 752 2176 ‚
766 2139 888 2168 waron
905 2163 913 2176 ‚
934 2140 1015 2170 alio-
1094 2145 1102 2166 3
1131 2142 1176 2170 AD
1203 2140 1329 2176 ΤΑυΜ]
1351 2135 1532 2169 AEstuarium
1547 2134 1627 2163 illud
1642 2141 1728 2164 nunc

337 2182 470 2212 Iumque
496 2176 703 2213 plurimorum
732 2178 877 2217 operibus
911 2179 1013 2210 incla-
1052 2178 1131 2208 Firrlz
1155 2178 1187 2215 of
1199 2178 1278 2218 Tay,
1294 2178 1347 2208 vel
1361 2174 1556 2205 l'embouchure
1571 2172 1605 2201 du
1616 2172 1687 2215 Tay.

337 2221 436 2242 tuere.
1092 2224 1106 2242 4
1127 2220 1283 2249 ΡΑετιοΝΕ
1305 2219 1319 2254 ]
1339 2214 1526 2245 Deditione.
1613 2251 1619 2256 .

378 2256 387 2270 ¹
404 2290 409 2295 .
425 2252 565 2297 Tam-qs
606 2267 848 2288 EXPEDITIONUM
881 2268 976 2288 ANNUS
998 2259 1012 2296 ]
1093 2264 1100 2285 5
1127 2260 1264 2294 QVARTA
1287 2264 1384 2285 AESTAS
1408 2259 1417 2288 J
1436 2255 1531 2283 Anno
1545 2252 1635 2297 Utblss
1652 2260 1733 2282 (οΠ-

337 2291 424 2335 Urbrs
439 2293 584 2335 *condltae
608 2305 704 2326 annus
726 2308 932 2328 Dcccxxxm.
944 2298 1013 2328 Jesu
1051 2297 1123 2327 ditae
1138 2306 1339 2327 Dcccxxmv.
1354 2293 1422 2324 Jesn
1444 2292 1555 2336 Christ!
1578 2294 1628 2322 81.

336 2328 447 2359 Christi
467 2334 516 2362 30·
1089 2337 1102 2355 ⁶
1125 2337 1319 2367 Ossrmmms
1340 2335 1411 2374 ]Ea
1428 2332 1589 2371 obtinuit,
1603 2331 1730 2363 firman-

374 2373 387 2388 ²
408 2370 527 2406 NOVAs
549 2379 691 2410 erm-ts]
714 2375 830 2408 Gentes
847 2386 914 2415 quae
925 2384 1012 2409 erant
1049 2375 1091 2407 do
1112 2373 1268 2414 praesidiis.
