1952 2708
338 187 400 225 44
610 167 658 208 C.
725 165 1128 208 CORNELII
1189 162 1479 211 TACITI

341 267 387 293 ut
406 251 576 307 primum
592 246 862 298 adoleverint,
880 249 1033 289 crinem
1048 248 1289 304 barbamque
1307 256 1317 273 ¹
1340 251 1606 303 summittere,
1621 267 1698 295 nec
1709 281 1725 303 5

341 315 412 356 nisi
430 314 540 354 hoste
561 311 662 353 caeso
674 342 687 362 ,
708 326 853 352 exuere
872 314 1056 353 votivum
1078 312 1381 368 obligatumque
1399 316 1537 355 virtuti
1558 318 1636 357 oris
1658 319 1724 357 ha-

340 376 482 419 bitum.
501 377 630 431 Super
652 375 888 430 sanguinem
915 380 955 416 ὃς
983 376 1138 431 spolia,
1165 376 1347 417 revelant
1372 378 1574 429 frontem,
1604 380 1724 432 seque

336 457 372 484 ‚a
396 452 482 481 turn
509 440 668 480 demum
707 440 833 495 pretia
859 439 1048 480 nascendi
1077 444 1091 460 ²
1119 438 1318 490 retulisse,
1345 439 1567 495 dignosque
1600 440 1725 498 patri&

337 518 420 544 »ac
444 501 671 559 parentibus
690 519 712 539 »
735 502 881 542 ferunt.
902 503 1063 557 Ignavis
1086 506 1127 542 ὃς
1146 502 1374 544 imbellibus
1399 516 1534 544 manet
1555 503 1725 558 squalor.
1776 509 1802 553 ς

339 566 584 610 Fortissimus
604 566 767 620 quisque
785 565 956 605 ferreum
976 565 1136 621 insuper
1155 565 1319 607 anulum
1341 572 1350 595 ³
1378 571 1389 617 (
1411 568 1728 622 ignominiosum

338 630 381 670 id
399 631 512 684 genti
533 633 545 680 )
571 627 684 670 velut
706 627 915 669 vinculum
939 630 1062 684 gestat
1076 658 1089 679 ,
1112 629 1244 670 donec
1262 630 1301 670 se
1324 630 1429 671 caede
1450 631 1571 672 hostis
1595 629 1725 671 absol-

334 705 418 737 vat.
440 692 624 733 Plurimis
643 692 854 733 Cattorum
874 694 942 734 hic
962 691 1096 748 placet
1117 692 1288 733 habitus.
1306 693 1474 748 Jamque
1498 706 1644 735 canent
1665 694 1726 733 in·-

336 756 464 811 fignes
487 761 531 806 4,
559 759 599 796 &
620 754 795 796 hostibus
821 755 933 796 fimul
961 755 1115 809 suisque
1140 758 1365 797 monstrati:
1395 759 1577 798 omnium
1602 770 1726 814 penes

337 820 412 860 hos
449 820 562 859 initia
599 834 845 875 pugnarum:
889 821 972 859 haec
1000 820 1125 874 prima
1153 819 1306 876 semper
1330 821 1462 871 acies,
1491 821 1579 862 visu
1605 835 1725 861 nova.
1751 834 1805 864 ιο

336 883 447 924 Nam
474 898 523 923 ne
551 884 593 922 in
623 897 721 938 pace
753 881 914 937 quidem
944 881 1061 923 vultu
1096 884 1256 924 mitiore
1285 883 1579 924 mansuescunt.
1605 881 1726 924 Nulli

334 944 479 986 'domus
495 975 509 996 ,
537 958 604 985 aut
629 961 748 1000 ager,
778 959 845 986 aut
870 944 1001 1000 aliqua
1026 961 1140 986 cura:
1168 960 1287 1003 prout
1312 947 1360 987 ad
1381 961 1579 1001 quemque
1601 947 1725 986 vene-

335 1024 404 1059 re,
431 1008 611 1049 aluntur:
638 1009 795 1064 prodigi
819 1008 966 1059 alieni,
998 1023 1298 1066 contemptores
1325 1010 1405 1050 sui:
1433 1011 1564 1051 donec
1583 1009 1723 1050 exsan-

334 1073 422 1126 guis
449 1072 624 1111 seneclus
649 1084 729 1111 tam
754 1071 855 1111 durae
878 1073 1017 1111 virtuti
1042 1074 1209 1127 impares
1235 1074 1356 1114 faciat
1383 1078 1411 1114 5.

399 1133 605 1174 XXXII.
639 1135 859 1174 PRoler
886 1134 1013 1174 Cattis
1039 1148 1193 1175 certum
1216 1135 1295 1186 jam
1320 1135 1437 1177 alveo
1465 1135 1482 1158 ⁶
1506 1137 1721 1187 Rhenum,
1750 1145 1803 1187 ις

333 1198 481 1254 quique
511 1197 703 1239 terminus
731 1196 807 1238 effe
836 1197 1007 1239 sufficiat
1025 1227 1038 1249 ,
1077 1198 1201 1254 Usipii
1230 1214 1277 1242 ac
1304 1199 1490 1240 Teifflteri
1520 1205 1534 1227 ⁷
1569 1198 1723 1241 colunt.

375 1322 384 1337 ¹
410 1318 536 1348 Cmurm
559 1329 752 1354 mammons.
772 1320 786 1356 ]
818 1319 868 1349 Sic
890 1318 1011 1358 privata
1048 1319 1126 1349 sunt.
1152 1318 1201 1349 Sic
1218 1329 1301 1350 anno
1329 1329 1408 1356 1414
1427 1340 1437 1353 ,
1460 1317 1638 1355 johannes,
1659 1319 1723 1349 dux

331 1357 481 1387 audentia
506 1358 623 1388 crinem
646 1360 840 1397 barbamque
863 1358 1011 1388 summifit
1046 1358 1225 1389 Borbonius
1238 1381 1245 1393 ‚
1264 1368 1298 1389 ut
1310 1359 1445 1389 dominae
1458 1357 1515 1388 suae
1534 1357 1723 1397 gratificare-

334 1396 448 1426 Civilis
458 1421 466 1433 ,
485 1405 518 1427 ut
531 1397 666 1428 vidimus
678 1398 765 1437 supra
780 1398 852 1428 Hist.
875 1399 915 1428 IV
930 1421 938 1434 ‚
960 1401 1009 1427 61.
1047 1406 1095 1428 tur
1105 1420 1113 1433 ‚
1129 1409 1198 1428 curn
1211 1398 1365 1429 sexdecim
1381 1397 1538 1437 equitibus
1551 1397 1722 1427 nobilibus-

332 1435 383 1465 Sic
405 1437 486 1474 apud
506 1437 634 1467 Paulum
658 1437 891 1468 XVarnefridum
906 1460 914 1473 ‚
936 1437 1009 1466 Hist.
1047 1448 1107 1476 que
1123 1437 1216 1467 vovit
1234 1438 1263 1467 se
1278 1438 1312 1468 ὃ(
1329 1437 1448 1476 equites
1468 1436 1592 1476 singulis
1614 1436 1724 1467 diebus

331 1474 533 1514 Langobard.
551 1477 614 1513 111,
634 1487 663 1515 7.
687 1481 740 1506 Sex
757 1476 843 1506 millia
854 1480 1009 1511 Saxonum,
1048 1476 1216 1507 dominicis
1236 1487 1290 1516 per
1312 1478 1390 1507 duos
1421 1487 1520 1506 annos
1543 1475 1658 1506 finistrai
1688 1475 1725 1506 in

330 1514 376 1551 qui
394 1513 460 1543 bello
471 1515 684 1553 superfuerant,
699 1516 914 1555 devoverunt-st,
928 1526 1010 1554 neque
1046 1516 1124 1546 tibia
1142 1527 1266 1547 aureum
1293 1517 1420 1546 anulum
1439 1516 1605 1555 gestaturos
1623 1537 1632 1551 ,
1659 1525 1724 1545 no-

330 1551 446 1583 barbam
460 1578 469 1591 ‚
486 1564 570 1593 neque
593 1555 706 1592 capillos
717 1556 848 1595 incisuros
861 1579 870 1592 ,
887 1555 970 1594 nifise
979 1555 1010 1584 de
1046 1556 1124 1586 biles
1155 1564 1354 1595 argenteum,
1379 1556 1480 1586 donec
1499 1565 1604 1593 parem
1630 1554 1724 1594 equi-

331 1592 446 1631 hostibus
454 1594 549 1623 saevis
559 1594 761 1633 ulciscerentur.
771 1595 940 1626 Recentior
949 1605 1010 1625 me-
1047 1603 1113 1626 tum
1128 1595 1350 1635 nobiliumque
1362 1617 1370 1630 ‚
1392 1595 1575 1634 quibuscum
1592 1604 1724 1625 concer-

331 1632 434 1662 moria
450 1632 601 1663 Gulielmi
619 1635 745 1665 Lumeii
760 1645 798 1666 ex
814 1634 1009 1665 comitibusa
1046 1643 1147 1666 tarent
1158 1658 1166 1671 ‚
1187 1645 1351 1665 numerum
1366 1635 1554 1673 reperiffent.
1576 1634 1656 1665 Vide
1673 1634 1724 1664 Cl.

330 1671 435 1701 Marci
449 1695 458 1708 ,
473 1672 526 1711 qui
548 1673 576 1703 se
596 1674 759 1704 obstrinxit
778 1682 857 1705 voto
880 1684 932 1702 non
955 1684 1008 1710 Ρο-
1047 1675 1085 1704 de
1098 1677 1229 1711 Venor,
1242 1674 1389 1704 Me‘moires
1398 1673 1429 1702 de
1440 1673 1611 1704 Z'Acacz'e'mie
1620 1672 1725 1712 Royale

321 1709 441 1749 fiturum
456 1711 488 1749 J}
511 1715 576 1741 anre
590 1713 716 1749 capillum
733 1737 742 1749 ‚
763 1716 842 1752 qusim
868 1712 1009 1752 Egmonrii
1047 1713 1094 1743 des
1110 1713 1306 1751 Inscriptions,
1325 1715 1419 1744 Tom.
1434 1715 1475 1743 11.
1492 1723 1561 1752 pag.
1574 1722 1642 1752 595.

330 1759 410 1788 axque
426 1749 553 1780 Hor-nani
577 1762 686 1782 mortem
708 1753 781 1781 ultus
795 1753 863 1793 effer.
882 1753 1008 1790 Suada,
1085 1758 1099 1776 4
1122 1754 1249 1784 Caunus
1272 1763 1409 1784 lusicxrs
1431 1753 1445 1790 ]
1461 1752 1568 1782 Multis
1584 1753 1646 1789 jam
1661 1763 1723 1783 cae-

331 1789 371 1819 de
382 1789 471 1819 Bello
483 1791 612 1830 Belgico
626 1816 634 1828 ‚
658 1792 729 1822 libr.
748 1794 816 1823 VII.
834 1802 900 1831 pag.
920 1803 987 1830 344.
1046 1792 1136 1823 dibus
1150 1792 1282 1832 insignes
1294 1802 1407 1823 canent
1419 1816 1427 1827 ‚
1447 1792 1572 1830 anulum
1589 1791 1724 1822 ferreum

372 1832 383 1844 ²
405 1830 524 1860 Pru-:Tm
547 1836 724 1867 mserum]
741 1832 870 1871 Egregie
883 1831 1007 1863 dietum.
1046 1832 1194 1871 gestantes
1208 1855 1216 1867 ‚
1240 1840 1399 1871 torvoque
1417 1831 1545 1866 habitu,
1568 1839 1601 1861 ut
1615 1831 1645 1861 se
1664 1842 1723 1862 no-

330 1868 366 1896 In
388 1875 437 1898 tot
450 1869 612 1909 tantasque
628 1871 763 1901 miserias
790 1872 924 1902 mortale
951 1881 1008 1910 ge·
1046 1882 1154 1902 varum
1169 1872 1285 1910 semper
1301 1872 1430 1902 caedium
1445 1870 1554 1901 avidos
1574 1871 1723 1908 probent.

329 1916 385 1950 nus
407 1908 560 1946 nascitur,
581 1918 615 1940 ut
635 1910 763 1940 unicum
779 1910 925 1942 nascendi
940 1921 1008 1949 pre·
1025 1907 1030 1958 Ι
1087 1917 1095 1938 5
1119 1913 1257 1941 IMPARrs
1279 1922 1389 1942 ῑΑοιΑτ
1406 1910 1454 1945 ]Ii
1469 1910 1537 1940 sunt
1553 1909 1653 1947 Catti,
1666 1909 1721 1949 qui

327 1953 406 1988 tium
416 1946 451 1977 fit
463 1947 570 1979 virtus.
580 1949 740 1988 singulare
752 1959 855 1980 autem
868 1951 901 1981 ὃς
914 1960 1005 1981 atrox
1022 1965 1027 2011 Ι
1045 1950 1274 1990 quinquaginta
1299 1951 1333 1982 &
1361 1958 1487 1981 centum
1511 1949 1634 1979 circiter
1657 1949 1723 1988 post

326 1983 387 2014 fuit
394 1987 475 2024 apud
486 1988 682 2019 Canadenses
695 1990 829 2028 populos
841 1990 925 2020 illius
937 1990 1004 2020 Iro-
1044 1990 1133 2020 annis
1149 2001 1219 2020 cum
1237 1990 1465 2021 Cheruscorum
1483 1988 1525 2019 cis
1540 1989 1693 2028 Visurgim
1709 2012 1722 2026 ,

326 2024 406 2062 quaei
419 2049 428 2061 ,
450 2025 589 2064 Immanis,
610 2028 727 2059 dietum
741 2053 749 2065 ‚
780 2029 835 2068 qui
853 2031 924 2059 cum
948 2039 1003 2067 pa·
1043 2029 1067 2058 le
1084 2030 1190 2068 lVeser,
1211 2030 1351 2069 reliquiis
1364 2053 1373 2065 ‚
1392 2040 1462 2061 cum
1485 2028 1650 2063 Anamis,
1669 2028 1722 2058 Si·-

322 2070 404 2093 trem
419 2064 505 2095 suum
521 2067 642 2098 diverso
657 2068 690 2097 in
704 2068 843 2099 exercitu
858 2068 1004 2098 offendis·
1044 2069 1178 2100 cambris
1189 2094 1197 2106 ‚
1217 2069 1384 2099 Chamavis
1394 2093 1403 2106 ‚
1421 2067 1571 2098 Βτιιᾶετὶε
1585 2091 1594 2103 ,
1613 2067 1720 2098 Chau-

323 2101 386 2146 set,
411 2114 480 2133 eum
505 2106 715 2144 jugulaturus,
734 2107 862 2144 restitit,
885 2108 918 2138 δί
940 2107 1001 2137 ait:
1043 2108 1104 2144 cis,
1123 2109 1309 2139 Francicum
1322 2108 1422 2139 foedus
1435 2107 1552 2142 iniere,
1570 2105 1721 2146 vic'kisque

319 2142 427 2185 Vitam
441 2153 533 2181 quam
545 2155 560 2175 a
577 2154 607 2176 te
624 2146 719 2176 semel
731 2146 855 2185 accepi,
871 2146 930 2176 tibi
945 2146 1003 2176 lio-
1043 2148 1209 2185 Romanis,
1223 2148 1339 2179 Gallias
1354 2155 1556 2184 occupavere.
1570 2145 1646 2175 Inde
1661 2156 1719 2177 no-

321 2180 378 2225 die·
392 2182 502 2226 reddo.
523 2184 601 2214 Noli
620 2185 693 2215 alias
715 2196 889 2216 occurrere.
911 2185 1001 2215 Nihil
1041 2188 1088 2217 bis
1104 2198 1232 2218 nomen.
1247 2188 1324 2217 Inde
1336 2196 1448 2216 mores.
1464 2185 1540 2214 Inde
1555 2185 1646 2224 leges.

320 2220 455 2258 tibijam
468 2222 581 2253 debeo.
596 2223 676 2254 Vide
690 2225 721 2254 P.
737 2225 774 2255 de
788 2224 1000 2261 Charlevoix‚
1081 2228 1093 2245 ⁶
1117 2229 1254 2257 Cenum
1284 2236 1344 2257 ΗΜ
1376 2236 1484 2255 Αινεο
1514 2228 1525 2257 Ι
1552 2225 1597 2254 Ita
1619 2225 1717 2255 latum

319 2258 384 2290 loc.
401 2259 456 2290 cit.
471 2260 570 2290 Leme
586 2264 670 2292 XXI.
689 2274 756 2303 pag.
781 2274 848 2301 309.
1040 2265 1296 2304 profundumque
1307 2287 1316 2300 ,
1331 2272 1366 2294 ut
1376 2264 1464 2302 poffit
1476 2263 1532 2293 effe
1546 2264 1717 2301 terminus,

360 2303 376 2341 3⁴
394 2299 551 2330 FERREUM
576 2313 705 2332 msur’ER
727 2315 858 2333 ANULUM
871 2305 885 2340 ]
898 2303 1002 2334 Servi-
1041 2315 1097 2334 nec
1110 2303 1252 2342 praesidiis
1266 2303 1451 2333 custodiisve
1466 2303 1616 2341 indigeat.

319 2344 412 2373 turm,
431 2348 465 2368 ut
489 2339 614 2370 videtur
628 2365 636 2376 ‚
666 2341 794 2380 infigne.
822 2343 999 2372 institutum
1079 2349 1092 2367 7
1111 2344 1209 2372 Usn’n
1233 2355 1271 2374 Ac
1293 2344 1456 2374 Tfflcwm
1472 2347 1482 2376 Ε
1496 2343 1656 2373 Bellorum
1670 2352 1718 2373 ca-

318 2375 398 2420 illud
417 2378 582 2410 Cattorum
596 2380 686 2410 multi
711 2381 832 2418 postea,
854 2381 904 2411 sed
919 2391 999 2410 ama·
1040 2382 1188 2421 suumque
1213 2382 1362 2412 societate
1391 2381 1550 2419 conjuncli
1564 2403 1571 2413 ,
1593 2382 1716 2412 sedibus

317 2418 400 2447 tone
418 2418 532 2457 magis,
552 2420 644 2458 quam
667 2419 863 2460 militariter,
878 2419 998 2453 imitati
1038 2421 1100 2453 suis
1114 2422 1154 2453 ad
1168 2421 1312 2454 Rhenum
1330 2422 1421 2461 paule>
1439 2420 1519 2453 infra
1537 2420 1717 2462 Moguntia*
