1952 2708
293 154 354 191 24
543 137 593 176 c,
660 129 1080 174 CORNELII
1144 125 1437 172 TACITI

289 221 399 269 dari,
427 219 467 257 in
490 230 592 287 'pace
614 214 735 255 decus
752 243 764 264 ,
805 215 844 253 in
872 212 981 253 bello
1008 213 1238 269 praesidium.
1262 214 1355 253 Nec
1381 210 1510 252 solnm
1538 210 1580 250 in
1609 206 1677 252 su&

289 297 409 338 gente
434 280 604 334 cuique,
634 278 700 318 sed
721 277 825 333 apud
845 277 1032 317 finitimas
1053 292 1211 347 quoque
1234 277 1416 316 civitates
1436 275 1477 315 id
1500 290 1678 325 nomen,

289 361 335 386 ea
362 342 490 399 gloria
515 343 596 392 est,
624 341 650 379 si
672 356 839 381 numero
862 356 908 381 ac
930 342 1077 380 virtute
1098 341 1310 380 comitatus
1333 340 1526 378 emineat.
1555 353 1678 393 expe·-

288 420 428 449 tuntur
461 407 567 446 enim
602 403 899 459 legationibus,
928 408 968 444 &
1008 402 1235 444 muneribus
1269 414 1488 452 ornantur,
1519 405 1559 442 ὃς
1592 398 1678 458 ipsa.

289 471 525 529 plerumque
553 468 655 509 fama
679 466 785 508 bella
807 468 1023 523 profligant
1053 473 1079 507 ¹.

353 533 481 575 XIV.
517 532 631 572 CUM
654 545 819 572 ventum
840 532 880 570 in
902 532 1056 581 aciem,
1081 543 1199 602 turpe
1220 530 1392 586 principi
1415 529 1562 568 vittute
1589 528 1678 568 vin-

291 599 330 640 ci
361 612 373 645 3
410 610 525 652 turpe
548 596 759 637 comitatui
782 624 793 644 ,
821 595 1009 634 virtutem
1031 595 1221 650 principis
1250 609 1331 634 non
1354 592 1568 645 adaequare.
1587 591 1681 635 Jam

289 663 387 702 vero
409 660 556 700 infame
576 661 615 700 in
636 673 797 700 omnem
819 658 941 698 vitam
964 673 1011 698 ac
1033 656 1289 713 probrosum,
1312 656 1556 711 superstitem
1574 654 1681 710 prin-

292 725 373 780 cipi
395 724 465 764 suo
490 727 502 744 ²
529 738 578 763 ex
604 724 688 764 acie
710 721 911 762 receffiffe.
934 720 1057 760 Illum
1080 719 1316 769 defendere,
1342 720 1471 767 tueri,
1496 718 1561 758 sua
1584 732 1680 770 quo-

289 802 366 841 que
389 787 507 827 fortia
530 786 628 826 faeta
651 786 786 841 gloriae
813 783 896 836 ejus
924 784 1151 838 adsignare,
1179 784 1422 838 praecipuum
1454 782 1677 821 sacramen-

288 863 375 891 tum
410 851 475 890 est.
510 850 713 905 Principes
743 863 814 904 pro
844 846 1008 887 victoria
1040 859 1241 903 pugnant:
1273 847 1442 886 comites
1473 859 1546 900 pro
1572 844 1681 899 prin-

292 915 395 969 cipe.
419 914 461 954 Si
483 914 623 953 civitas
638 942 650 962 ,
671 913 711 951 in
733 910 808 964 qua
827 912 905 951 orti
926 911 1015 950 sunt
1029 940 1040 960 ,
1064 907 1187 964 longa
1207 924 1304 964 pace
1327 913 1367 949 &
1391 909 1477 948 otio
1497 920 1682 962 torpeat3

291 975 472 1033 plerique
503 974 701 1016 nobilium
727 972 1045 1014 adolescentium
1068 985 1210 1029 petunt
1242 972 1347 1012 ultro
1376 986 1440 1012 eas
1470 971 1683 1020 nationes,

292 1055 377 1093 quae
400 1053 486 1079 tum
506 1038 658 1079 bellum
683 1037 845 1090 aliquod
866 1050 1038 1090 gerunt,
1068 1037 1159 1089 quia
1179 1039 1218 1075 δε
1241 1036 1394 1090 ingrata
1416 1035 1528 1089 genti
1549 1034 1683 1087 quies,

291 1107 333 1143 ὃ(
357 1101 511 1143 facilius
534 1103 636 1142 inter
660 1100 851 1154 ancipitia
878 1097 1129 1148 clarescunt,
1153 1113 1421 1151 magnumque
1445 1098 1681 1138 comitatum

291 1181 376 1206 non
397 1165 465 1204 nisi
489 1165 527 1203 vi
550 1162 739 1217 belloque
763 1176 918 1202 tueare:
942 1162 1109 1215 exigunt
1128 1161 1234 1200 enim
1259 1165 1268 1188 ³
1296 1161 1487 1216 principis
1510 1159 1567 1198 sui
1589 1158 1685 1200 libe-

292 1228 448 1269 ralitate
478 1226 592 1266 illum
615 1225 853 1266 bellatorem
880 1239 1027 1277 equum
1044 1253 1056 1273 ,
1085 1222 1195 1263 illam
1223 1236 1429 1262 cruentam
1459 1223 1686 1262 vi&ricem-

293 1306 370 1346 que
401 1291 591 1331 frameam
615 1294 646 1329 4.
671 1291 779 1329 Nam
807 1285 958 1342 epuloe,
991 1291 1031 1326 δε
1055 1300 1292 1340 quamquam
1325 1286 1552 1341 incompti,
1583 1284 1685 1340 largi

292 1368 429 1395 tamen
457 1366 663 1409 apparatus
690 1367 761 1408 pro
790 1350 984 1405 stipendio
1013 1350 1174 1390 cedunt.
1199 1350 1372 1389 Materia
1402 1349 1684 1389 munificentia:

294 1433 364 1474 per
389 1415 525 1466 bella,
556 1421 595 1456 ὃς
621 1430 766 1471 raptus.
790 1416 882 1454 Nec
905 1428 1011 1453 arare
1046 1426 1218 1462 terram,
1251 1426 1318 1453 aut
1349 1413 1573 1467 exspe'Ctare
1614 1428 1684 1452 an-

293 1496 391 1522 num
420 1485 470 1532 5,
515 1493 595 1520 tam
638 1477 757 1520 facile
792 1476 1025 1538 persuaseris
1053 1506 1066 1530 ,
1100 1491 1218 1532 quam
1253 1490 1400 1517 vocare
1433 1473 1615 1517 hostes6
1645 1479 1686 1519 &

294 1628 401 1660 locum
430 1638 582 1677 caputque
613 1631 739 1670 sequens
766 1628 889 1660 ferme
881 1638 964 1660 mte-
1047 1636 1056 1656 3
1081 1630 1227 1659 Emeum*
1249 1630 1352 1666 ruini]
1375 1628 1453 1659 Inde
1473 1627 1627 1667 originem
1643 1628 1688 1666 J'u-

297 1679 386 1707 grum
399 1680 474 1699 mira
494 1671 547 1700 bre
553 1670 647 1700 vitate
660 1672 693 1701 δε
709 1670 774 1708 eleg
766 1669 862 1699 ⁷antia
874 1669 966 1698 vertit
1004 1668 1043 1698 ris
1071 1668 1261 1699 clientelaris
1281 1692 1289 1703 ‚
1316 1668 1442 1706 [vu-igine
1464 1667 1498 1695 du
1521 1667 1687 1706 VqffelagQ

294 1709 344 1738 Cl
371 1710 408 1739 de
427 1710 667 1748 Montesquieu‚
696 1708 748 1747 Es
753 1710 788 1736 rit
811 1708 842 1736 de
831 1718 857 1736 r
876 1707 915 1736 Lo
908 1709 965 1742 ἰν,
1006 1719 1071 1739 non
1097 1708 1256 1738 immerito
1285 1707 1397 1745 repetit
1423 1707 1471 1736 Cl.
1491 1707 1528 1736 de
1543 1706 1687 1737 Montes—

292 1749 400 1783 XXX,
420 1759 443 1785 3.
458 1749 564 1778 Illustri
584 1748 729 1786 exemplo
743 1747 967 1778 Gallicamlin—
1006 1748 1122 1792 quien,
1141 1747 1192 1784 Efi
1197 1748 1232 1775 rit
1249 1746 1296 1774 des
1311 1746 1403 1781 Lm'v
1424 1747 1531 1781 XXX,
1569 1747 1687 1776 ‚Tune

293 1796 384 1825 guam
401 1787 503 1817 latrnae
527 1788 785 1825 Cornelianaeque
817 1786 965 1816 brexitati
1007 1772 1134 1826 quidem
1161 1787 1299 1816 bellator
1331 1785 1500 1824 princeps,
1524 1756 1686 1815 bellatrici

293 1836 359 1856 ron
372 1827 598 1864 effeimparem.
612 1827 691 1858 Vide
703 1827 967 1857 Notas&Emen-
1007 1825 1167 1856 nobilitati
1194 1835 1309 1865 equum
1331 1849 1339 1861 ,
1375 1824 1525 1854 fiai-neam
1553 1846 1561 1860 ,
1598 1825 1687 1854 cibos

295 1865 438 1924 dationes
458 1867 496 1896 ad
512 1877 576 1905 cap.
590 1877 634 1904 ¹3-
1007 1866 1108 1896 dabat.
1136 1864 1280 1896 Deinde,
1308 1863 1376 1894 orta
1396 1863 1592 1902 cupiditate
1614 1864 1687 1895 data

335 1907 590 1940 ¹Pnon10am]
616 1907 700 1935 Paene
714 1903 899 1935 conficiunt.
921 1905 967 1934 De
1007 1904 1159 1947 pecunia,
1177 1884 1301 1934 demuin
1315 1903 1447 1941 praedia,
1471 1913 1537 1941 quae
1549 1903 1686 1940 primum

294 1945 555 1989 νεὼοινοβίἕπυε
567 1945 681 1975 dietum
696 1944 781 1982 snpra
797 1944 867 1973 Hist.
880 1945 925 1977 Π
938 1957 966 1979 4·
1006 1943 1161 1974 beneficia
1187 1952 1310 1973 tantum
1335 1941 1443 1977 fuere,
1473 1941 1575 1980 postea
1593 1942 1687 1972 here-

295 1982 358 2013 Diu
369 1985 449 2021 apud
460 1995 515 2014 nos
526 1984 624 2023 vlguit
634 1984 695 2014 haec
708 1983 805 2026 comit
809 1993 859 2013 um
871 1983 920 2011 di
906 1983 967 2019 gni
1008 1984 1147 2013 ditaria
1139 2006 1144 2010 .
1165 1990 1237 2012 tunc
1261 1982 1341 2011 dicta
1362 1982 1430 2011 sunt
1447 1980 1579 2016 lerFiefs.
1596 1982 1688 2011 Unde

295 2031 365 2057 tas,
389 2023 451 2053 haec
477 2023 566 2053 fama.
600 2024 744 2062 Resurgat
770 2021 803 2051 in
825 2022 965 2061 ephebeo
1008 2024 1107 2062 leges,
1128 2033 1194 2077 quae
1218 2021 1354 2051 maxime
1375 2031 1457 2051 nunc
1482 2019 1625 2059 vigent,
1647 2019 1687 2049 les

295 2061 444 2119 mizlitari,
465 2061 570 2091 ΓΕωίε
587 2063 656 2091 mili
649 2063 733 2091 aire.
731 2065 739 2081 ¹
1008 2062 1081 2090 Loix·
1094 2061 1156 2096 feod
1160 2061 1226 2090 τῖες.

333 2103 587 2132 ²SUPERST1TEM
615 2112 749 2131 mmmm
780 2101 866 2136 suo]
892 2100 966 2129 Inde
1047 2106 1062 2125 4
1084 2101 1271 2136 FRAMEAM]
1296 2100 1343 2129 De
1360 2109 1420 2137 qua
1434 2098 1519 2135 supra
1540 2107 1606 2135 cap.
1620 2100 1651 2127 6.

294 2142 367 2171 ciam
393 2140 657 2171 Chonodomarus
680 2164 689 2176 ,
720 2140 967 2169 Alamannorum
1050 2145 1058 2168 5
1084 2141 1286 2170 Exsrrcrmuz
1308 2137 1439 2173 Annum]
1462 2138 1500 2167 Ut
1524 2137 1686 2176 colligan-

293 2189 367 2224 rex,
383 2189 401 2209 a
414 2180 562 2210 Romanis
582 2180 681 2210 fuiffet
698 2187 829 2217 captus,
857 2178 968 2206 comites
1009 2188 1058 2210 tur
1078 2179 1193 2219 fruges.

292 2228 317 2256 e)
320 2228 352 2247 us
370 2218 478 2247 ducenti
490 2229 567 2248 nume
571 2230 616 2254 ro,
635 2219 663 2248 Cr
680 2228 735 2247 tres
752 2217 834 2246 amici
852 2217 967 2255 junffls
1048 2221 1061 2238 ⁶
1084 2221 1217 2249 vomu
1237 2217 1372 2253 nom-fis]
1395 2215 1431 2245 Id
1444 2215 1485 2246 est
1501 2219 1692 2255 provocare.

286 2257 373 2296 fimi,
379 2258 523 2297 flagitium
541 2256 735 2302 arbitraeipost
749 2267 840 2301 regem
856 2267 968 2291 ywere,
1010 2258 1060 2288 Sic
1071 2256 1239 2296 Virgilius,
1253 2256 1372 2294 Georg.
1394 2257 1458 2291 IV,
1486 2259 1538 2294 76.

294 2296 338 2326 vel
354 2307 401 2332 pro
421 2307 482 2336 rege
494 2308 547 2325 non
563 2298 628 2327 mori
644 2296 690 2336 ‚st
705 2298 745 2326 ira
761 2295 853 2324 tulerit
867 2296 968 2329 cafics,

294 2335 433 2365 tradidere
451 2337 482 2374 je
507 2336 676 2370 vinciendos.
701 2335 858 2368 Ammlan.
882 2330 968 2366 Mat-
1077 2317 1216 2350 Mdgnhbue
1227 2325 1310 2341 mmm
1326 2316 1467 2341 dammim
1484 2315 1577 2347 hostem.

295 2375 401 2409 cellin
410 2377 499 2415 XVI,
525 2386 571 2414 ις.
985 2373 1135 2411 Nempe
1149 2378 1347 2412 provocant,
1366 2379 1400 2403 ut
1412 2370 1549 2410 explicat
1557 2369 1695 2400 Servius.-

1526 2429 1692 2472 vulnera

1732 471 1755 511 v)

1710 791 1766 820 10

1711 1422 1769 1450 20
