<?xml version="1.0" encoding="UTF-8"?>
<!DOCTYPE html PUBLIC "-//W3C//DTD XHTML 1.0 Transitional//EN"
    "http://www.w3.org/TR/xhtml1/DTD/xhtml1-transitional.dtd">
<html xmlns="http://www.w3.org/1999/xhtml" xml:lang="en" lang="en">
 <head>
  <title>
</title>
<meta http-equiv="Content-Type" content="text/html;charset=utf-8" />
  <meta name='ocr-system' content='tesseract 3.04.00' />
  <meta name='ocr-capabilities' content='ocr_page ocr_carea ocr_par ocr_line ocrx_word'/>
</head>
<body>
  <div class='ocr_page' id='page_1' title='image "./operabro04taciuoft_0236.png"; bbox 0 0 1952 2708; ppageno 0'>
   <div class='ocr_carea' id='block_1_1' title="bbox 358 121 1532 179">
    <p class='ocr_par' dir='ltr' id='par_1_1' title="bbox 358 121 1532 179">
     <span class='ocr_line' id='line_1_1' title="bbox 358 121 1532 179; baseline -0.004 -8"><span class='ocrx_word' id='word_1_1' title='bbox 358 145 447 179; x_wconf 65' lang='lat'>2240</span> <span class='ocrx_word' id='word_1_2' title='bbox 545 124 764 168; x_wconf 82' lang='lat' dir='ltr'>NoTAE</span> <span class='ocrx_word' id='word_1_3' title='bbox 809 122 895 164; x_wconf 88' lang='lat' dir='ltr'>ET</span> <span class='ocrx_word' id='word_1_4' title='bbox 936 121 1532 166; x_wconf 85' lang='lat' dir='ltr'><strong>EMENDATIONES</strong></span> 
     </span>
    </p>
   </div>
   <div class='ocr_carea' id='block_1_2' title="bbox 356 199 1746 340">
    <p class='ocr_par' dir='ltr' id='par_1_2' title="bbox 356 199 1746 340">
     <span class='ocr_line' id='line_1_2' title="bbox 356 199 1746 250; baseline -0.001 -9"><span class='ocrx_word' id='word_1_5' title='bbox 356 203 502 242; x_wconf 76' lang='lat' dir='ltr'>minime</span> <span class='ocrx_word' id='word_1_6' title='bbox 525 200 818 249; x_wconf 82' lang='lat' dir='ltr'>abjudicaverim.</span> <span class='ocrx_word' id='word_1_7' title='bbox 844 199 1063 250; x_wconf 82' lang='lat' dir='ltr'>Suffragatur</span> <span class='ocrx_word' id='word_1_8' title='bbox 1082 204 1115 236; x_wconf 73' lang='grc' dir='ltr'>δε</span> <span class='ocrx_word' id='word_1_9' title='bbox 1142 202 1367 250; x_wconf 84' lang='lat' dir='ltr'>Pomponius</span> <span class='ocrx_word' id='word_1_10' title='bbox 1392 202 1543 238; x_wconf 84' lang='lat' dir='ltr'>Sabinus</span> <span class='ocrx_word' id='word_1_11' title='bbox 1569 230 1579 245; x_wconf 89' lang='lat'>‚</span> <span class='ocrx_word' id='word_1_12' title='bbox 1617 203 1746 240; x_wconf 73' lang='lat' dir='ltr'>medice</span> 
     </span>
     <span class='ocr_line' id='line_1_3' title="bbox 356 249 1744 304; baseline 0.001 -15"><span class='ocrx_word' id='word_1_13' title='bbox 356 253 468 290; x_wconf 74' lang='lat' dir='ltr'>aetatis</span> <span class='ocrx_word' id='word_1_14' title='bbox 482 252 750 301; x_wconf 83' lang='lat' dir='ltr'>grammaticus,</span> <span class='ocrx_word' id='word_1_15' title='bbox 771 249 831 298; x_wconf 89' lang='lat' dir='ltr'>qui</span> <span class='ocrx_word' id='word_1_16' title='bbox 849 263 960 285; x_wconf 87' lang='lat' dir='ltr'>unum</span> <span class='ocrx_word' id='word_1_17' title='bbox 978 251 1082 295; x_wconf 86' lang='lat' dir='ltr'>hujus</span> <span class='ocrx_word' id='word_1_18' title='bbox 1099 251 1238 302; x_wconf 82' lang='lat' dir='ltr'>dialogi</span> <span class='ocrx_word' id='word_1_19' title='bbox 1252 252 1396 297; x_wconf 88' lang='lat' dir='ltr'>locum,</span> <span class='ocrx_word' id='word_1_20' title='bbox 1416 252 1657 304; x_wconf 84' lang='lat' dir='ltr'>Tacitumque</span> <span class='ocrx_word' id='word_1_21' title='bbox 1683 267 1744 290; x_wconf 86' lang='lat' dir='ltr'>au-</span> 
     </span>
     <span class='ocr_line' id='line_1_4' title="bbox 357 300 1192 340; baseline -0.001 -1"><span class='ocrx_word' id='word_1_22' title='bbox 357 305 491 340; x_wconf 63' lang='lat' dir='ltr'>&amp;orem</span> <span class='ocrx_word' id='word_1_23' title='bbox 508 302 641 339; x_wconf 86' lang='lat' dir='ltr'>laudat.</span> <span class='ocrx_word' id='word_1_24' title='bbox 658 300 753 339; x_wconf 88' lang='lat' dir='ltr'>Vide</span> <span class='ocrx_word' id='word_1_25' title='bbox 768 300 995 337; x_wconf 88' lang='lat' dir='ltr'>Testimonia</span> <span class='ocrx_word' id='word_1_26' title='bbox 1009 303 1192 339; x_wconf 84' lang='lat' dir='ltr'>Veterum.</span> 
     </span>
    </p>
   </div>
   <div class='ocr_carea' id='block_1_3' title="bbox 353 400 1748 1049">
    <p class='ocr_par' dir='ltr' id='par_1_3' title="bbox 353 400 1746 748">
     <span class='ocr_line' id='line_1_5' title="bbox 414 400 1744 446; baseline 0.001 -7"><span class='ocrx_word' id='word_1_27' title='bbox 414 402 520 439; x_wconf 87' lang='lat' dir='ltr'><strong>CAP.</strong></span> <span class='ocrx_word' id='word_1_28' title='bbox 549 401 578 437; x_wconf 92' lang='lat'>1·.</span> <span class='ocrx_word' id='word_1_29' title='bbox 613 400 669 436; x_wconf 85' lang='lat' dir='ltr'>ET</span> <span class='ocrx_word' id='word_1_30' title='bbox 692 412 825 437; x_wconf 81' lang='lat' dir='ltr'>LAUDE</span> <span class='ocrx_word' id='word_1_31' title='bbox 855 412 1115 442; x_wconf 81' lang='lat' dir='ltr'>ELOQUENTIAE</span> <span class='ocrx_word' id='word_1_32' title='bbox 1143 405 1337 446; x_wconf 69' lang='lat' dir='ltr'>oRBATA]</span> <span class='ocrx_word' id='word_1_33' title='bbox 1375 402 1430 436; x_wconf 80' lang='lat' dir='ltr'>Ita</span> <span class='ocrx_word' id='word_1_34' title='bbox 1455 402 1532 438; x_wconf 82' lang='lat' dir='ltr'>Mff.</span> <span class='ocrx_word' id='word_1_35' title='bbox 1553 404 1673 440; x_wconf 83' lang='lat' dir='ltr'>Vatic.</span> <span class='ocrx_word' id='word_1_36' title='bbox 1699 404 1744 441; x_wconf 87' lang='lat' dir='ltr'>In</span> 
     </span>
     <span class='ocr_line' id='line_1_6' title="bbox 353 450 1743 497; baseline 0.001 -9"><span class='ocrx_word' id='word_1_37' title='bbox 353 452 455 489; x_wconf 87' lang='lat' dir='ltr'>libris</span> <span class='ocrx_word' id='word_1_38' title='bbox 482 450 649 488; x_wconf 91' lang='lat' dir='ltr'>omnibus</span> <span class='ocrx_word' id='word_1_39' title='bbox 684 450 788 487; x_wconf 86' lang='lat' dir='ltr'>editis</span> <span class='ocrx_word' id='word_1_40' title='bbox 811 478 821 493; x_wconf 87' lang='lat'>,</span> <span class='ocrx_word' id='word_1_41' title='bbox 853 451 971 497; x_wconf 83' lang='lat' dir='ltr'>deserta</span> <span class='ocrx_word' id='word_1_42' title='bbox 991 481 998 492; x_wconf 88' lang='lat'>‚</span> <span class='ocrx_word' id='word_1_43' title='bbox 1031 451 1067 485; x_wconf 56' lang='grc' dir='ltr'>ξφ</span> <span class='ocrx_word' id='word_1_44' title='bbox 1100 452 1193 485; x_wconf 75' lang='lat' dir='ltr'>laude</span> <span class='ocrx_word' id='word_1_45' title='bbox 1223 453 1345 486; x_wconf 76' lang='lat' dir='ltr'>orbata.</span> <span class='ocrx_word' id='word_1_46' title='bbox 1386 450 1496 486; x_wconf 83' lang='lat' dir='ltr'>Unde</span> <span class='ocrx_word' id='word_1_47' title='bbox 1529 453 1743 490; x_wconf 79' lang='lat' dir='ltr'>emendabat</span> 
     </span>
     <span class='ocr_line' id='line_1_7' title="bbox 354 499 1745 549; baseline -0.001 -9"><span class='ocrx_word' id='word_1_48' title='bbox 354 501 569 540; x_wconf 78' lang='lat' dir='ltr'>Gronovius</span> <span class='ocrx_word' id='word_1_49' title='bbox 594 501 714 547; x_wconf 62' lang='lat' dir='ltr'>defcffa</span> <span class='ocrx_word' id='word_1_50' title='bbox 731 502 767 537; x_wconf 75' lang='grc' dir='ltr'><em>εᾶ</em></span> <span class='ocrx_word' id='word_1_51' title='bbox 790 501 883 535; x_wconf 82' lang='lat' dir='ltr'>laude</span> <span class='ocrx_word' id='word_1_52' title='bbox 902 526 911 541; x_wconf 94' lang='lat'>‚</span> <span class='ocrx_word' id='word_1_53' title='bbox 935 502 972 535; x_wconf 60' lang='lat'>&amp;⁴</span> <span class='ocrx_word' id='word_1_54' title='bbox 996 501 1107 534; x_wconf 75' lang='lat' dir='ltr'>orbata</span> <span class='ocrx_word' id='word_1_55' title='bbox 1131 515 1144 534; x_wconf 92' lang='lat'>.·</span> <span class='ocrx_word' id='word_1_56' title='bbox 1171 499 1508 539; x_wconf 85' lang='lat' dir='ltr'>Schurzfleischius,</span> <span class='ocrx_word' id='word_1_57' title='bbox 1541 503 1656 549; x_wconf 76' lang='lat' dir='ltr'>diserta</span> <span class='ocrx_word' id='word_1_58' title='bbox 1671 531 1680 546; x_wconf 93' lang='lat'>‚</span> <span class='ocrx_word' id='word_1_59' title='bbox 1709 515 1745 539; x_wconf 79' lang='lat' dir='ltr'>at</span> 
     </span>
     <span class='ocr_line' id='line_1_8' title="bbox 355 549 1745 598; baseline 0.001 -11"><span class='ocrx_word' id='word_1_60' title='bbox 355 553 451 588; x_wconf 80' lang='lat' dir='ltr'>laude</span> <span class='ocrx_word' id='word_1_61' title='bbox 472 553 595 587; x_wconf 81' lang='lat' dir='ltr'>orbata.</span> <span class='ocrx_word' id='word_1_62' title='bbox 615 551 741 586; x_wconf 81' lang='lat' dir='ltr'>Malim</span> <span class='ocrx_word' id='word_1_63' title='bbox 761 577 769 591; x_wconf 84' lang='lat'>,</span> <span class='ocrx_word' id='word_1_64' title='bbox 797 551 932 596; x_wconf 73' lang='lat' dir='ltr'>diserta,</span> <span class='ocrx_word' id='word_1_65' title='bbox 947 562 982 584; x_wconf 81' lang='lat' dir='ltr'>ac</span> <span class='ocrx_word' id='word_1_66' title='bbox 1009 549 1101 584; x_wconf 82' lang='lat' dir='ltr'>laude</span> <span class='ocrx_word' id='word_1_67' title='bbox 1122 550 1304 598; x_wconf 83' lang='lat' dir='ltr'>eloquentiae</span> <span class='ocrx_word' id='word_1_68' title='bbox 1329 551 1450 587; x_wconf 76' lang='lat' dir='ltr'>orbata.</span> <span class='ocrx_word' id='word_1_69' title='bbox 1469 550 1528 586; x_wconf 77' lang='lat' dir='ltr'>Sic</span> <span class='ocrx_word' id='word_1_70' title='bbox 1548 553 1745 589; x_wconf 86' lang='lat' dir='ltr'>emendan-</span> 
     </span>
     <span class='ocr_line' id='line_1_9' title="bbox 357 599 1746 650; baseline -0.001 -12"><span class='ocrx_word' id='word_1_71' title='bbox 357 602 443 638; x_wconf 86' lang='lat' dir='ltr'>dum</span> <span class='ocrx_word' id='word_1_72' title='bbox 460 612 559 650; x_wconf 87' lang='lat' dir='ltr'>patet</span> <span class='ocrx_word' id='word_1_73' title='bbox 574 612 650 636; x_wconf 90' lang='lat' dir='ltr'>tum</span> <span class='ocrx_word' id='word_1_74' title='bbox 680 613 723 637; x_wconf 82' lang='lat' dir='ltr'>ex</span> <span class='ocrx_word' id='word_1_75' title='bbox 742 601 815 636; x_wconf 84' lang='lat' dir='ltr'>hoc</span> <span class='ocrx_word' id='word_1_76' title='bbox 838 599 975 647; x_wconf 82' lang='lat' dir='ltr'>capite,</span> <span class='ocrx_word' id='word_1_77' title='bbox 999 601 1111 634; x_wconf 81' lang='lat' dir='ltr'>horum</span> <span class='ocrx_word' id='word_1_78' title='bbox 1132 612 1236 635; x_wconf 83' lang='lat' dir='ltr'>autem</span> <span class='ocrx_word' id='word_1_79' title='bbox 1257 613 1430 647; x_wconf 79' lang='lat' dir='ltr'>temporum</span> <span class='ocrx_word' id='word_1_80' title='bbox 1457 601 1564 647; x_wconf 59' lang='lat' dir='ltr'>diſserti</span> <span class='ocrx_word' id='word_1_81' title='bbox 1584 615 1595 645; x_wconf 81' lang='lat'>3</span> <span class='ocrx_word' id='word_1_82' title='bbox 1622 613 1696 638; x_wconf 85' lang='lat' dir='ltr'>tum</span> <span class='ocrx_word' id='word_1_83' title='bbox 1725 615 1746 640; x_wconf 89' lang='lat' dir='ltr'>e</span> 
     </span>
     <span class='ocr_line' id='line_1_10' title="bbox 357 650 1746 701; baseline 0 -13"><span class='ocrx_word' id='word_1_84' title='bbox 357 651 497 701; x_wconf 82' lang='lat' dir='ltr'>dialogi</span> <span class='ocrx_word' id='word_1_85' title='bbox 514 651 583 688; x_wconf 90' lang='lat' dir='ltr'>fine</span> <span class='ocrx_word' id='word_1_86' title='bbox 599 679 608 691; x_wconf 85' lang='lat'>‚</span> <span class='ocrx_word' id='word_1_87' title='bbox 634 664 712 699; x_wconf 89' lang='lat' dir='ltr'>cap.</span> <span class='ocrx_word' id='word_1_88' title='bbox 735 664 798 695; x_wconf 85' lang='lat'>41.</span> <span class='ocrx_word' id='word_1_89' title='bbox 831 650 956 685; x_wconf 75' lang='lat' dir='ltr'>Credue</span> <span class='ocrx_word' id='word_1_90' title='bbox 971 675 980 692; x_wconf 86' lang='lat'>‚</span> <span class='ocrx_word' id='word_1_91' title='bbox 1001 652 1137 697; x_wconf 77' lang='lat' dir='ltr'>optimi,</span> <span class='ocrx_word' id='word_1_92' title='bbox 1156 651 1215 693; x_wconf 62' lang='lat' dir='ltr'>fr,</span> <span class='ocrx_word' id='word_1_93' title='bbox 1233 653 1267 686; x_wconf 84' lang='lat' dir='ltr'>in</span> <span class='ocrx_word' id='word_1_94' title='bbox 1289 662 1444 700; x_wconf 82' lang='lat' dir='ltr'>quantum</span> <span class='ocrx_word' id='word_1_95' title='bbox 1468 664 1542 698; x_wconf 85' lang='lat' dir='ltr'>opus</span> <span class='ocrx_word' id='word_1_96' title='bbox 1566 652 1607 700; x_wconf 83' lang='lat' dir='ltr'>est</span> <span class='ocrx_word' id='word_1_97' title='bbox 1622 683 1630 695; x_wconf 95' lang='lat'>,</span> <span class='ocrx_word' id='word_1_98' title='bbox 1653 653 1746 699; x_wconf 82' lang='lat' dir='ltr'>diser-</span> 
     </span>
     <span class='ocr_line' id='line_1_11' title="bbox 358 700 951 748; baseline -0.007 -10"><span class='ocrx_word' id='word_1_99' title='bbox 358 702 465 748; x_wconf 77' lang='lat' dir='ltr'>tzffimi</span> <span class='ocrx_word' id='word_1_100' title='bbox 484 705 560 738; x_wconf 73' lang='lat' dir='ltr'>wiri.</span> <span class='ocrx_word' id='word_1_101' title='bbox 586 701 631 736; x_wconf 82' lang='lat' dir='ltr'>Et</span> <span class='ocrx_word' id='word_1_102' title='bbox 654 700 699 736; x_wconf 81' lang='lat' dir='ltr'>sic</span> <span class='ocrx_word' id='word_1_103' title='bbox 716 701 801 735; x_wconf 84' lang='lat' dir='ltr'>alibi</span> <span class='ocrx_word' id='word_1_104' title='bbox 821 700 951 747; x_wconf 82' lang='lat' dir='ltr'>passim.</span> 
     </span>
    </p>

    <p class='ocr_par' dir='ltr' id='par_1_4' title="bbox 410 750 1260 796">
     <span class='ocr_line' id='line_1_12' title="bbox 410 750 1260 796; baseline 0.002 -10"><span class='ocrx_word' id='word_1_105' title='bbox 410 752 673 786; x_wconf 78' lang='lat' dir='ltr'>APPELLAMUS</span> <span class='ocrx_word' id='word_1_106' title='bbox 700 754 716 796; x_wconf 92' lang='lat'>]</span> <span class='ocrx_word' id='word_1_107' title='bbox 749 750 791 785; x_wconf 88' lang='lat' dir='ltr'>In</span> <span class='ocrx_word' id='word_1_108' title='bbox 814 750 892 787; x_wconf 84' lang='lat' dir='ltr'>Mff.</span> <span class='ocrx_word' id='word_1_109' title='bbox 915 750 1034 787; x_wconf 78' lang='lat' dir='ltr'>vatic.</span> <span class='ocrx_word' id='word_1_110' title='bbox 1058 751 1260 796; x_wconf 81' lang='lat' dir='ltr'><em>appellemus.</em></span> 
     </span>
    </p>

    <p class='ocr_par' dir='ltr' id='par_1_5' title="bbox 357 799 1748 895">
     <span class='ocr_line' id='line_1_13' title="bbox 408 799 1748 849; baseline 0.002 -13"><span class='ocrx_word' id='word_1_111' title='bbox 408 800 526 836; x_wconf 77' lang='lat' dir='ltr'>MALE</span> <span class='ocrx_word' id='word_1_112' title='bbox 557 813 852 836; x_wconf 62' lang='lat' dir='ltr'>misi-nummum</span> <span class='ocrx_word' id='word_1_113' title='bbox 882 812 936 835; x_wconf 76' lang='lat' dir='ltr'>sn·</span> <span class='ocrx_word' id='word_1_114' title='bbox 960 804 976 846; x_wconf 95' lang='lat'>]</span> <span class='ocrx_word' id='word_1_115' title='bbox 1007 799 1062 835; x_wconf 85' lang='lat' dir='ltr'>Ita</span> <span class='ocrx_word' id='word_1_116' title='bbox 1085 799 1220 849; x_wconf 79' lang='lat' dir='ltr'>Lipsius</span> <span class='ocrx_word' id='word_1_117' title='bbox 1240 805 1272 838; x_wconf 59' lang='grc' dir='ltr'>δέ</span> <span class='ocrx_word' id='word_1_118' title='bbox 1290 801 1524 838; x_wconf 79' lang='lat' dir='ltr'>Recentiores</span> <span class='ocrx_word' id='word_1_119' title='bbox 1546 814 1566 838; x_wconf 90' lang='lat' dir='ltr'>e</span> <span class='ocrx_word' id='word_1_120' title='bbox 1583 801 1649 838; x_wconf 86' lang='lat' dir='ltr'>Ms.</span> <span class='ocrx_word' id='word_1_121' title='bbox 1668 801 1748 839; x_wconf 73' lang='lat' dir='ltr'>Far·</span> 
     </span>
     <span class='ocr_line' id='line_1_14' title="bbox 357 850 1614 895; baseline -0.001 -8"><span class='ocrx_word' id='word_1_122' title='bbox 357 851 430 888; x_wconf 88' lang='lat' dir='ltr'>nes.</span> <span class='ocrx_word' id='word_1_123' title='bbox 450 852 520 893; x_wconf 65' lang='lat' dir='ltr'>Su,</span> <span class='ocrx_word' id='word_1_124' title='bbox 549 850 641 886; x_wconf 80' lang='lat' dir='ltr'>abest</span> <span class='ocrx_word' id='word_1_125' title='bbox 667 850 710 884; x_wconf 87' lang='lat' dir='ltr'>ab</span> <span class='ocrx_word' id='word_1_126' title='bbox 732 850 954 886; x_wconf 76' lang='lat' dir='ltr'>editionibus</span> <span class='ocrx_word' id='word_1_127' title='bbox 975 850 1178 895; x_wconf 72' lang='lat' dir='ltr'>veteribus,</span> <span class='ocrx_word' id='word_1_128' title='bbox 1208 855 1241 888; x_wconf 85' lang='lat'>&amp;</span> <span class='ocrx_word' id='word_1_129' title='bbox 1264 852 1355 887; x_wconf 63' lang='lat' dir='ltr'>[effe</span> <span class='ocrx_word' id='word_1_130' title='bbox 1378 852 1614 888; x_wconf 78' lang='lat' dir='ltr'>omitteretur.</span> 
     </span>
    </p>

    <p class='ocr_par' dir='ltr' id='par_1_6' title="bbox 356 899 1748 996">
     <span class='ocr_line' id='line_1_15' title="bbox 411 899 1748 950; baseline 0.001 -15"><span class='ocrx_word' id='word_1_131' title='bbox 411 903 447 936; x_wconf 79' lang='lat'>51</span> <span class='ocrx_word' id='word_1_132' title='bbox 476 913 555 936; x_wconf 79' lang='lat' dir='ltr'>MEA</span> <span class='ocrx_word' id='word_1_133' title='bbox 582 912 804 936; x_wconf 80' lang='lat' dir='ltr'>SENTENTIA</span> <span class='ocrx_word' id='word_1_134' title='bbox 828 905 846 947; x_wconf 95' lang='lat'>]</span> <span class='ocrx_word' id='word_1_135' title='bbox 874 899 917 935; x_wconf 87' lang='lat' dir='ltr'>In</span> <span class='ocrx_word' id='word_1_136' title='bbox 942 899 1019 936; x_wconf 81' lang='lat' dir='ltr'>Mff.</span> <span class='ocrx_word' id='word_1_137' title='bbox 1045 901 1165 939; x_wconf 87' lang='lat' dir='ltr'>Vatic.</span> <span class='ocrx_word' id='word_1_138' title='bbox 1186 905 1220 938; x_wconf 64' lang='grc' dir='ltr'>ὃς</span> <span class='ocrx_word' id='word_1_139' title='bbox 1243 901 1466 939; x_wconf 80' lang='lat' dir='ltr'>editionibus</span> <span class='ocrx_word' id='word_1_140' title='bbox 1489 901 1694 946; x_wconf 82' lang='lat' dir='ltr'>veteribus,</span> <span class='ocrx_word' id='word_1_141' title='bbox 1713 900 1748 950; x_wconf 79' lang='lat' dir='ltr'><em>st</em></span> 
     </span>
     <span class='ocr_line' id='line_1_16' title="bbox 356 953 709 996; baseline -0.003 -10"><span class='ocrx_word' id='word_1_142' title='bbox 356 953 434 986; x_wconf 65' lang='lat' dir='ltr'>mihi</span> <span class='ocrx_word' id='word_1_143' title='bbox 456 964 523 984; x_wconf 68' lang='lat' dir='ltr'>mea</span> <span class='ocrx_word' id='word_1_144' title='bbox 537 953 709 996; x_wconf 75' lang='lat' dir='ltr'>sententia.</span> 
     </span>
    </p>

    <p class='ocr_par' dir='ltr' id='par_1_7' title="bbox 403 1000 1748 1049">
     <span class='ocr_line' id='line_1_17' title="bbox 403 1000 1748 1049; baseline 0.001 -12"><span class='ocrx_word' id='word_1_145' title='bbox 403 1000 619 1043; x_wconf 79' lang='lat' dir='ltr'><strong>IISDEMQUE</strong></span> <span class='ocrx_word' id='word_1_146' title='bbox 645 1012 881 1036; x_wconf 72' lang='lat' dir='ltr'>RATlONlBUS</span> <span class='ocrx_word' id='word_1_147' title='bbox 902 1004 922 1046; x_wconf 93' lang='lat'>]</span> <span class='ocrx_word' id='word_1_148' title='bbox 951 1002 1139 1049; x_wconf 79' lang='lat' dir='ltr'>Perperarn</span> <span class='ocrx_word' id='word_1_149' title='bbox 1157 1012 1293 1040; x_wconf 87' lang='lat' dir='ltr'>veteres</span> <span class='ocrx_word' id='word_1_150' title='bbox 1312 1002 1515 1046; x_wconf 80' lang='lat' dir='ltr'>editiones,</span> <span class='ocrx_word' id='word_1_151' title='bbox 1540 1002 1748 1038; x_wconf 71' lang='lat' dir='ltr'>orationibus.</span> 
     </span>
    </p>
   </div>
   <div class='ocr_carea' id='block_1_4' title="bbox 354 1101 1750 1448">
    <p class='ocr_par' dir='ltr' id='par_1_8' title="bbox 354 1101 1749 1189">
     <span class='ocr_line' id='line_1_18' title="bbox 406 1101 1749 1145; baseline -0.002 -8"><span class='ocrx_word' id='word_1_152' title='bbox 406 1103 516 1139; x_wconf 88' lang='lat' dir='ltr'><strong>CAP.</strong></span> <span class='ocrx_word' id='word_1_153' title='bbox 541 1102 592 1138; x_wconf 88' lang='grc' dir='ltr'>ΙΙ.</span> <span class='ocrx_word' id='word_1_154' title='bbox 623 1102 839 1137; x_wconf 78' lang='lat' dir='ltr'>CURIATms</span> <span class='ocrx_word' id='word_1_155' title='bbox 867 1102 1087 1137; x_wconf 72' lang='lat' dir='ltr'>MATERNUS</span> <span class='ocrx_word' id='word_1_156' title='bbox 1111 1104 1129 1145; x_wconf 95' lang='lat'>]</span> <span class='ocrx_word' id='word_1_157' title='bbox 1161 1101 1218 1136; x_wconf 87' lang='lat' dir='ltr'>Ita</span> <span class='ocrx_word' id='word_1_158' title='bbox 1247 1101 1326 1138; x_wconf 82' lang='lat' dir='ltr'>Mff.</span> <span class='ocrx_word' id='word_1_159' title='bbox 1357 1103 1477 1140; x_wconf 87' lang='lat' dir='ltr'>Vatie.</span> <span class='ocrx_word' id='word_1_160' title='bbox 1502 1102 1545 1138; x_wconf 86' lang='lat' dir='ltr'>In</span> <span class='ocrx_word' id='word_1_161' title='bbox 1569 1103 1633 1138; x_wconf 82' lang='lat' dir='ltr'>Ms.</span> <span class='ocrx_word' id='word_1_162' title='bbox 1660 1102 1749 1138; x_wconf 74' lang='lat' dir='ltr'>Far-</span> 
     </span>
     <span class='ocr_line' id='line_1_19' title="bbox 354 1150 1148 1189; baseline -0.005 0"><span class='ocrx_word' id='word_1_163' title='bbox 354 1152 426 1189; x_wconf 90' lang='lat' dir='ltr'>nes.</span> <span class='ocrx_word' id='word_1_164' title='bbox 455 1154 616 1187; x_wconf 78' lang='lat' dir='ltr'>Curatius.</span> <span class='ocrx_word' id='word_1_165' title='bbox 640 1152 684 1186; x_wconf 90' lang='lat' dir='ltr'>In</span> <span class='ocrx_word' id='word_1_166' title='bbox 706 1150 805 1186; x_wconf 87' lang='lat' dir='ltr'>libris</span> <span class='ocrx_word' id='word_1_167' title='bbox 829 1151 934 1187; x_wconf 87' lang='lat' dir='ltr'>editis</span> <span class='ocrx_word' id='word_1_168' title='bbox 958 1152 1148 1185; x_wconf 73' lang='lat' dir='ltr'>accuratius.</span> 
     </span>
    </p>

    <p class='ocr_par' dir='ltr' id='par_1_9' title="bbox 354 1200 1749 1299">
     <span class='ocr_line' id='line_1_20' title="bbox 404 1200 1749 1251; baseline 0.001 -14"><span class='ocrx_word' id='word_1_169' title='bbox 404 1201 451 1237; x_wconf 82' lang='lat' dir='ltr'>IN</span> <span class='ocrx_word' id='word_1_170' title='bbox 483 1205 716 1247; x_wconf 79' lang='lat' dir='ltr'><strong>QUANTUM]</strong></span> <span class='ocrx_word' id='word_1_171' title='bbox 745 1201 843 1238; x_wconf 88' lang='lat' dir='ltr'>Bene</span> <span class='ocrx_word' id='word_1_172' title='bbox 879 1200 1072 1237; x_wconf 83' lang='lat' dir='ltr'>Rhenanus</span> <span class='ocrx_word' id='word_1_173' title='bbox 1108 1203 1141 1236; x_wconf 70' lang='grc' dir='ltr'>δε</span> <span class='ocrx_word' id='word_1_174' title='bbox 1179 1200 1354 1238; x_wconf 85' lang='lat' dir='ltr'>Pithoeus.</span> <span class='ocrx_word' id='word_1_175' title='bbox 1388 1201 1579 1251; x_wconf 85' lang='lat' dir='ltr'>Perperam</span> <span class='ocrx_word' id='word_1_176' title='bbox 1612 1212 1749 1238; x_wconf 86' lang='lat' dir='ltr'>veteres</span> 
     </span>
     <span class='ocr_line' id='line_1_21' title="bbox 354 1251 748 1299; baseline -0.013 -9"><span class='ocrx_word' id='word_1_177' title='bbox 354 1251 559 1295; x_wconf 81' lang='lat' dir='ltr'>editiones,</span> <span class='ocrx_word' id='word_1_178' title='bbox 589 1255 622 1287; x_wconf 80' lang='lat' dir='ltr'>in</span> <span class='ocrx_word' id='word_1_179' title='bbox 648 1265 748 1299; x_wconf 77' lang='lat' dir='ltr'>quem.</span> 
     </span>
    </p>

    <p class='ocr_par' dir='ltr' id='par_1_10' title="bbox 354 1299 1750 1448">
     <span class='ocr_line' id='line_1_22' title="bbox 405 1299 1746 1348; baseline 0.001 -11"><span class='ocrx_word' id='word_1_180' title='bbox 405 1303 597 1338; x_wconf 84' lang='lat' dir='ltr'>COMMUNI</span> <span class='ocrx_word' id='word_1_181' title='bbox 629 1312 876 1336; x_wconf 78' lang='lat' dir='ltr'><strong>ERUDITIONE</strong></span> <span class='ocrx_word' id='word_1_182' title='bbox 903 1312 1070 1337; x_wconf 83' lang='lat' dir='ltr'><strong>IMBUTUS</strong></span> <span class='ocrx_word' id='word_1_183' title='bbox 1092 1303 1110 1346; x_wconf 93' lang='lat'>]</span> <span class='ocrx_word' id='word_1_184' title='bbox 1142 1299 1184 1335; x_wconf 88' lang='lat' dir='ltr'>In</span> <span class='ocrx_word' id='word_1_185' title='bbox 1207 1301 1285 1336; x_wconf 76' lang='lat' dir='ltr'>Mis.</span> <span class='ocrx_word' id='word_1_186' title='bbox 1311 1302 1431 1338; x_wconf 75' lang='lat' dir='ltr'>vatic.</span> <span class='ocrx_word' id='word_1_187' title='bbox 1461 1302 1558 1337; x_wconf 84' lang='lat'>1862</span> <span class='ocrx_word' id='word_1_188' title='bbox 1589 1305 1622 1338; x_wconf 68' lang='grc' dir='ltr'>ὃς</span> <span class='ocrx_word' id='word_1_189' title='bbox 1648 1304 1746 1348; x_wconf 81' lang='lat'>1518</span> 
     </span>
     <span class='ocr_line' id='line_1_23' title="bbox 354 1350 1750 1401; baseline 0 -14"><span class='ocrx_word' id='word_1_190' title='bbox 354 1364 397 1387; x_wconf 83' lang='lat' dir='ltr'>ac</span> <span class='ocrx_word' id='word_1_191' title='bbox 417 1351 595 1387; x_wconf 88' lang='lat' dir='ltr'>veteribus</span> <span class='ocrx_word' id='word_1_192' title='bbox 618 1350 840 1387; x_wconf 82' lang='lat' dir='ltr'>editionibus</span> <span class='ocrx_word' id='word_1_193' title='bbox 855 1379 865 1394; x_wconf 93' lang='lat'>,</span> <span class='ocrx_word' id='word_1_194' title='bbox 894 1365 961 1385; x_wconf 86' lang='lat' dir='ltr'>cum</span> <span class='ocrx_word' id='word_1_195' title='bbox 982 1351 1156 1385; x_wconf 76' lang='lat' dir='ltr'>eruditione</span> <span class='ocrx_word' id='word_1_196' title='bbox 1172 1352 1321 1386; x_wconf 82' lang='lat' dir='ltr'>imbutus.</span> <span class='ocrx_word' id='word_1_197' title='bbox 1340 1351 1381 1385; x_wconf 92' lang='lat' dir='ltr'>ln</span> <span class='ocrx_word' id='word_1_198' title='bbox 1398 1351 1463 1387; x_wconf 74' lang='grc' dir='ltr'>ΜΓ.</span> <span class='ocrx_word' id='word_1_199' title='bbox 1483 1351 1603 1389; x_wconf 85' lang='lat' dir='ltr'>Vatie.</span> <span class='ocrx_word' id='word_1_200' title='bbox 1619 1354 1719 1401; x_wconf 61' lang='lat'>4498</span> <span class='ocrx_word' id='word_1_201' title='bbox 1736 1377 1750 1395; x_wconf 83' lang='lat'>,</span> 
     </span>
     <span class='ocr_line' id='line_1_24' title="bbox 354 1399 1388 1448; baseline 0 -12"><span class='ocrx_word' id='word_1_202' title='bbox 354 1405 440 1437; x_wconf 80' lang='lat' dir='ltr'>omni</span> <span class='ocrx_word' id='word_1_203' title='bbox 463 1402 646 1438; x_wconf 76' lang='lat' dir='ltr'>eruditione.</span> <span class='ocrx_word' id='word_1_204' title='bbox 676 1400 775 1437; x_wconf 85' lang='lat' dir='ltr'>Bene</span> <span class='ocrx_word' id='word_1_205' title='bbox 797 1400 1005 1437; x_wconf 80' lang='lat' dir='ltr'>emendavit</span> <span class='ocrx_word' id='word_1_206' title='bbox 1029 1399 1186 1448; x_wconf 81' lang='lat' dir='ltr'>Lipsius,</span> <span class='ocrx_word' id='word_1_207' title='bbox 1219 1403 1388 1437; x_wconf 80' lang='lat' dir='ltr'>communi.</span> 
     </span>
    </p>
   </div>
   <div class='ocr_carea' id='block_1_5' title="bbox 352 1498 1750 2298">
    <p class='ocr_par' dir='ltr' id='par_1_11' title="bbox 354 1498 1748 1637">
     <span class='ocr_line' id='line_1_25' title="bbox 403 1498 1748 1547; baseline 0 -11"><span class='ocrx_word' id='word_1_208' title='bbox 403 1500 513 1537; x_wconf 83' lang='lat' dir='ltr'><strong>CAP.</strong></span> <span class='ocrx_word' id='word_1_209' title='bbox 543 1501 613 1537; x_wconf 87' lang='grc' dir='ltr'>ΙΙΙ.</span> <span class='ocrx_word' id='word_1_210' title='bbox 642 1500 700 1536; x_wconf 83' lang='lat' dir='ltr'>ET</span> <span class='ocrx_word' id='word_1_211' title='bbox 728 1514 837 1543; x_wconf 88' lang='lat' dir='ltr'>QUEM</span> <span class='ocrx_word' id='word_1_212' title='bbox 865 1504 1039 1545; x_wconf 57' lang='lat' dir='ltr'>mimus]</span> <span class='ocrx_word' id='word_1_213' title='bbox 1079 1499 1225 1547; x_wconf 79' lang='lat' dir='ltr'>Copula</span> <span class='ocrx_word' id='word_1_214' title='bbox 1263 1500 1299 1534; x_wconf 58' lang='grc' dir='ltr'>ξφ</span> <span class='ocrx_word' id='word_1_215' title='bbox 1333 1498 1428 1535; x_wconf 83' lang='lat' dir='ltr'>abest</span> <span class='ocrx_word' id='word_1_216' title='bbox 1461 1512 1481 1534; x_wconf 87' lang='lat' dir='ltr'>a</span> <span class='ocrx_word' id='word_1_217' title='bbox 1512 1499 1590 1535; x_wconf 83' lang='lat' dir='ltr'>Mff.</span> <span class='ocrx_word' id='word_1_218' title='bbox 1627 1500 1748 1538; x_wconf 85' lang='lat' dir='ltr'>Vatic.</span> 
     </span>
     <span class='ocr_line' id='line_1_26' title="bbox 355 1548 1748 1599; baseline 0.001 -13"><span class='ocrx_word' id='word_1_219' title='bbox 355 1553 390 1586; x_wconf 68' lang='grc' dir='ltr'>ὅς</span> <span class='ocrx_word' id='word_1_220' title='bbox 417 1550 641 1588; x_wconf 85' lang='lat' dir='ltr'>editionibus</span> <span class='ocrx_word' id='word_1_221' title='bbox 673 1551 865 1588; x_wconf 82' lang='lat' dir='ltr'>veteribus.</span> <span class='ocrx_word' id='word_1_222' title='bbox 903 1551 992 1587; x_wconf 83' lang='lat' dir='ltr'>Eam</span> <span class='ocrx_word' id='word_1_223' title='bbox 1017 1562 1095 1586; x_wconf 88' lang='lat' dir='ltr'>non</span> <span class='ocrx_word' id='word_1_224' title='bbox 1127 1549 1221 1586; x_wconf 79' lang='lat' dir='ltr'>male</span> <span class='ocrx_word' id='word_1_225' title='bbox 1256 1548 1398 1586; x_wconf 84' lang='lat' dir='ltr'>addidit</span> <span class='ocrx_word' id='word_1_226' title='bbox 1422 1548 1560 1599; x_wconf 84' lang='lat' dir='ltr'>Lipsius</span> <span class='ocrx_word' id='word_1_227' title='bbox 1594 1563 1613 1587; x_wconf 91' lang='lat' dir='ltr'>e</span> <span class='ocrx_word' id='word_1_228' title='bbox 1650 1550 1748 1587; x_wconf 85' lang='lat' dir='ltr'>Cod.</span> 
     </span>
     <span class='ocr_line' id='line_1_27' title="bbox 354 1601 463 1637; baseline 0.009 -1"><span class='ocrx_word' id='word_1_229' title='bbox 354 1601 463 1637; x_wconf 82' lang='lat' dir='ltr'>Rom.</span> 
     </span>
    </p>

    <p class='ocr_par' dir='ltr' id='par_1_12' title="bbox 355 1649 1749 1737">
     <span class='ocr_line' id='line_1_28' title="bbox 407 1649 1749 1698; baseline -0.002 -11"><span class='ocrx_word' id='word_1_230' title='bbox 407 1650 587 1687; x_wconf 82' lang='lat' dir='ltr'><strong>CATONIS</strong></span> <span class='ocrx_word' id='word_1_231' title='bbox 615 1662 682 1686; x_wconf 82' lang='lat' dir='ltr'>Tul</span> <span class='ocrx_word' id='word_1_232' title='bbox 710 1653 845 1697; x_wconf 78' lang='lat' dir='ltr'>AMES]</span> <span class='ocrx_word' id='word_1_233' title='bbox 874 1649 970 1688; x_wconf 84' lang='lat' dir='ltr'>Bene</span> <span class='ocrx_word' id='word_1_234' title='bbox 993 1649 1138 1698; x_wconf 90' lang='lat' dir='ltr'>Lipfius.</span> <span class='ocrx_word' id='word_1_235' title='bbox 1168 1649 1268 1686; x_wconf 74' lang='lat' dir='ltr'>Male</span> <span class='ocrx_word' id='word_1_236' title='bbox 1289 1660 1426 1687; x_wconf 78' lang='lat' dir='ltr'>veteres</span> <span class='ocrx_word' id='word_1_237' title='bbox 1452 1649 1656 1693; x_wconf 85' lang='lat' dir='ltr'>editiones,</span> <span class='ocrx_word' id='word_1_238' title='bbox 1689 1651 1749 1684; x_wconf 83' lang='lat' dir='ltr'>Ca-</span> 
     </span>
     <span class='ocr_line' id='line_1_29' title="bbox 355 1711 639 1737; baseline -0.004 0"><span class='ocrx_word' id='word_1_239' title='bbox 355 1711 438 1737; x_wconf 76' lang='lat' dir='ltr'>tonis</span> <span class='ocrx_word' id='word_1_240' title='bbox 466 1713 513 1736; x_wconf 79' lang='lat' dir='ltr'>tut</span> <span class='ocrx_word' id='word_1_241' title='bbox 536 1714 639 1737; x_wconf 85' lang='lat' dir='ltr'>aures.</span> 
     </span>
    </p>

    <p class='ocr_par' dir='ltr' id='par_1_13' title="bbox 355 1748 1749 1847">
     <span class='ocr_line' id='line_1_30' title="bbox 409 1748 1749 1795; baseline -0.001 -9"><span class='ocrx_word' id='word_1_242' title='bbox 409 1751 726 1786; x_wconf 73' lang='lat' dir='ltr'>APPREHENDISTI</span> <span class='ocrx_word' id='word_1_243' title='bbox 749 1752 767 1795; x_wconf 96' lang='lat'>]</span> <span class='ocrx_word' id='word_1_244' title='bbox 796 1749 851 1784; x_wconf 83' lang='lat' dir='ltr'>Ita</span> <span class='ocrx_word' id='word_1_245' title='bbox 874 1748 1066 1785; x_wconf 80' lang='lat' dir='ltr'>Rhenanus</span> <span class='ocrx_word' id='word_1_246' title='bbox 1092 1753 1125 1785; x_wconf 69' lang='grc' dir='ltr'>ὃς</span> <span class='ocrx_word' id='word_1_247' title='bbox 1145 1749 1384 1786; x_wconf 82' lang='lat' dir='ltr'>Recentiores.</span> <span class='ocrx_word' id='word_1_248' title='bbox 1405 1750 1447 1786; x_wconf 92' lang='lat' dir='ltr'>In</span> <span class='ocrx_word' id='word_1_249' title='bbox 1476 1749 1656 1786; x_wconf 82' lang='lat' dir='ltr'>veteribus</span> <span class='ocrx_word' id='word_1_250' title='bbox 1677 1749 1749 1785; x_wconf 81' lang='lat' dir='ltr'>edi-</span> 
     </span>
     <span class='ocr_line' id='line_1_31' title="bbox 355 1798 1640 1847; baseline -0.002 -11"><span class='ocrx_word' id='word_1_251' title='bbox 355 1800 539 1844; x_wconf 87' lang='lat' dir='ltr'>tionibus,</span> <span class='ocrx_word' id='word_1_252' title='bbox 568 1800 806 1847; x_wconf 69' lang='lat' dir='ltr'>deprehendisti.</span> <span class='ocrx_word' id='word_1_253' title='bbox 827 1798 962 1847; x_wconf 85' lang='lat' dir='ltr'>Lipsius</span> <span class='ocrx_word' id='word_1_254' title='bbox 983 1802 1016 1835; x_wconf 74' lang='grc' dir='ltr'>δε</span> <span class='ocrx_word' id='word_1_255' title='bbox 1039 1799 1186 1835; x_wconf 88' lang='lat' dir='ltr'>Modius</span> <span class='ocrx_word' id='word_1_256' title='bbox 1208 1799 1354 1835; x_wconf 80' lang='lat' dir='ltr'>mallent</span> <span class='ocrx_word' id='word_1_257' title='bbox 1370 1826 1378 1842; x_wconf 89' lang='lat'>‚</span> <span class='ocrx_word' id='word_1_258' title='bbox 1408 1799 1640 1846; x_wconf 78' lang='lat' dir='ltr'>reprehendisti.</span> 
     </span>
    </p>

    <p class='ocr_par' dir='ltr' id='par_1_14' title="bbox 352 1849 1750 2099">
     <span class='ocr_line' id='line_1_32' title="bbox 401 1849 1749 1898; baseline -0.001 -12"><span class='ocrx_word' id='word_1_259' title='bbox 401 1849 524 1887; x_wconf 79' lang='lat' dir='ltr'>LEGES</span> <span class='ocrx_word' id='word_1_260' title='bbox 553 1862 608 1886; x_wconf 85' lang='lat' dir='ltr'>TU</span> <span class='ocrx_word' id='word_1_261' title='bbox 639 1861 792 1892; x_wconf 76' lang='lat' dir='ltr'><strong>QUIDEM</strong></span> <span class='ocrx_word' id='word_1_262' title='bbox 821 1861 849 1884; x_wconf 83' lang='lat' dir='ltr'>SI</span> <span class='ocrx_word' id='word_1_263' title='bbox 879 1861 1069 1884; x_wconf 69' lang='lat' dir='ltr'>voLUEizis</span> <span class='ocrx_word' id='word_1_264' title='bbox 1094 1853 1111 1895; x_wconf 93' lang='lat'>]</span> <span class='ocrx_word' id='word_1_265' title='bbox 1143 1849 1185 1884; x_wconf 93' lang='lat' dir='ltr'>In</span> <span class='ocrx_word' id='word_1_266' title='bbox 1209 1849 1371 1886; x_wconf 85' lang='lat' dir='ltr'>editione</span> <span class='ocrx_word' id='word_1_267' title='bbox 1393 1849 1558 1898; x_wconf 84' lang='lat' dir='ltr'>principe</span> <span class='ocrx_word' id='word_1_268' title='bbox 1576 1877 1584 1889; x_wconf 80' lang='lat'>,</span> <span class='ocrx_word' id='word_1_269' title='bbox 1614 1850 1694 1896; x_wconf 82' lang='lat' dir='ltr'>leges</span> <span class='ocrx_word' id='word_1_270' title='bbox 1713 1860 1749 1884; x_wconf 81' lang='lat' dir='ltr'>tu</span> 
     </span>
     <span class='ocr_line' id='line_1_33' title="bbox 353 1897 1748 1949; baseline -0.001 -14"><span class='ocrx_word' id='word_1_271' title='bbox 353 1901 477 1949; x_wconf 82' lang='lat' dir='ltr'>quidem</span> <span class='ocrx_word' id='word_1_272' title='bbox 490 1900 556 1948; x_wconf 80' lang='lat' dir='ltr'>fibi</span> <span class='ocrx_word' id='word_1_273' title='bbox 573 1901 725 1936; x_wconf 79' lang='lat' dir='ltr'>debueris.</span> <span class='ocrx_word' id='word_1_274' title='bbox 742 1899 832 1935; x_wconf 90' lang='lat' dir='ltr'>Inde</span> <span class='ocrx_word' id='word_1_275' title='bbox 848 1897 1066 1934; x_wconf 85' lang='lat' dir='ltr'>Puteolanus</span> <span class='ocrx_word' id='word_1_276' title='bbox 1080 1927 1088 1942; x_wconf 89' lang='lat'>‚</span> <span class='ocrx_word' id='word_1_277' title='bbox 1117 1912 1221 1949; x_wconf 84' lang='lat' dir='ltr'>quem</span> <span class='ocrx_word' id='word_1_278' title='bbox 1242 1912 1364 1936; x_wconf 88' lang='lat' dir='ltr'>omnes</span> <span class='ocrx_word' id='word_1_279' title='bbox 1383 1901 1462 1935; x_wconf 84' lang='lat' dir='ltr'>sunt</span> <span class='ocrx_word' id='word_1_280' title='bbox 1481 1899 1614 1942; x_wconf 86' lang='lat' dir='ltr'>secuti,</span> <span class='ocrx_word' id='word_1_281' title='bbox 1634 1911 1748 1935; x_wconf 86' lang='lat' dir='ltr'>emen·</span> 
     </span>
     <span class='ocr_line' id='line_1_34' title="bbox 353 1948 1750 1997; baseline 0 -12"><span class='ocrx_word' id='word_1_282' title='bbox 353 1950 455 1986; x_wconf 81' lang='lat' dir='ltr'>davit</span> <span class='ocrx_word' id='word_1_283' title='bbox 469 1978 478 1994; x_wconf 93' lang='lat'>,</span> <span class='ocrx_word' id='word_1_284' title='bbox 494 1950 528 1997; x_wconf 86' lang='lat' dir='ltr'><em>fi</em></span> <span class='ocrx_word' id='word_1_285' title='bbox 549 1951 700 1986; x_wconf 77' lang='lat' dir='ltr'>volueris.</span> <span class='ocrx_word' id='word_1_286' title='bbox 725 1949 841 1985; x_wconf 85' lang='lat' dir='ltr'>Aliter</span> <span class='ocrx_word' id='word_1_287' title='bbox 862 1959 1003 1992; x_wconf 80' lang='lat' dir='ltr'>tamen,</span> <span class='ocrx_word' id='word_1_288' title='bbox 1031 1962 1072 1985; x_wconf 84' lang='lat' dir='ltr'>ac</span> <span class='ocrx_word' id='word_1_289' title='bbox 1095 1948 1190 1985; x_wconf 80' lang='lat' dir='ltr'>forte</span> <span class='ocrx_word' id='word_1_290' title='bbox 1207 1949 1331 1985; x_wconf 71' lang='lat' dir='ltr'>melitis</span> <span class='ocrx_word' id='word_1_291' title='bbox 1352 1949 1426 1985; x_wconf 77' lang='lat' dir='ltr'>Mis.</span> <span class='ocrx_word' id='word_1_292' title='bbox 1449 1949 1569 1987; x_wconf 84' lang='lat' dir='ltr'>Vatic.</span> <span class='ocrx_word' id='word_1_293' title='bbox 1596 1950 1696 1984; x_wconf 86' lang='lat'>1862</span> <span class='ocrx_word' id='word_1_294' title='bbox 1715 1952 1750 1985; x_wconf 87' lang='lat'>&amp;</span> 
     </span>
     <span class='ocr_line' id='line_1_35' title="bbox 352 1998 1749 2048; baseline 0 -14"><span class='ocrx_word' id='word_1_295' title='bbox 352 2002 453 2048; x_wconf 70' lang='lat'><strong>&#39;4498</strong></span> <span class='ocrx_word' id='word_1_296' title='bbox 470 2028 479 2042; x_wconf 92' lang='lat'>,</span> <span class='ocrx_word' id='word_1_297' title='bbox 501 2001 582 2047; x_wconf 75' lang='lat' dir='ltr'>leges</span> <span class='ocrx_word' id='word_1_298' title='bbox 605 2012 640 2035; x_wconf 87' lang='lat' dir='ltr'>tu</span> <span class='ocrx_word' id='word_1_299' title='bbox 660 2000 735 2048; x_wconf 83' lang='lat' dir='ltr'>quid</span> <span class='ocrx_word' id='word_1_300' title='bbox 758 2004 928 2036; x_wconf 78' lang='lat' dir='ltr'>Maternus</span> <span class='ocrx_word' id='word_1_301' title='bbox 943 1999 1008 2047; x_wconf 73' lang='lat' dir='ltr'>sthi</span> <span class='ocrx_word' id='word_1_302' title='bbox 1030 2000 1171 2035; x_wconf 82' lang='lat' dir='ltr'>debuerit</span> <span class='ocrx_word' id='word_1_303' title='bbox 1184 2030 1192 2042; x_wconf 90' lang='lat'>‚</span> <span class='ocrx_word' id='word_1_304' title='bbox 1221 2000 1257 2035; x_wconf 67' lang='grc' dir='ltr'>ἔτ’</span> <span class='ocrx_word' id='word_1_305' title='bbox 1282 2000 1424 2048; x_wconf 77' lang='lat' dir='ltr'>agnosces</span> <span class='ocrx_word' id='word_1_306' title='bbox 1443 2002 1510 2035; x_wconf 67' lang='grc' dir='ltr'>ἃς,</span> <span class='ocrx_word' id='word_1_307' title='bbox 1529 1998 1584 2034; x_wconf 84' lang='lat' dir='ltr'>Ita</span> <span class='ocrx_word' id='word_1_308' title='bbox 1601 2011 1749 2048; x_wconf 85' lang='lat' dir='ltr'>quoque</span> 
     </span>
     <span class='ocr_line' id='line_1_36' title="bbox 354 2049 1622 2099; baseline 0 -14"><span class='ocrx_word' id='word_1_309' title='bbox 354 2049 421 2085; x_wconf 88' lang='lat' dir='ltr'>Ms.</span> <span class='ocrx_word' id='word_1_310' title='bbox 445 2050 564 2087; x_wconf 86' lang='lat' dir='ltr'>Vatic.</span> <span class='ocrx_word' id='word_1_311' title='bbox 592 2052 703 2099; x_wconf 83' lang='lat'>1518.</span> <span class='ocrx_word' id='word_1_312' title='bbox 726 2049 787 2085; x_wconf 89' lang='lat' dir='ltr'>sed</span> <span class='ocrx_word' id='word_1_313' title='bbox 810 2062 879 2098; x_wconf 80' lang='lat' dir='ltr'>pro</span> <span class='ocrx_word' id='word_1_314' title='bbox 902 2050 978 2097; x_wconf 67' lang='lat' dir='ltr'>quid</span> <span class='ocrx_word' id='word_1_315' title='bbox 1005 2053 1174 2085; x_wconf 79' lang='lat' dir='ltr'>Maternus</span> <span class='ocrx_word' id='word_1_316' title='bbox 1200 2049 1311 2085; x_wconf 80' lang='lat' dir='ltr'>habet</span> <span class='ocrx_word' id='word_1_317' title='bbox 1335 2050 1416 2095; x_wconf 82' lang='lat' dir='ltr'>quod</span> <span class='ocrx_word' id='word_1_318' title='bbox 1441 2051 1622 2085; x_wconf 78' lang='lat' dir='ltr'>Maternus.</span> 
     </span>
    </p>

    <p class='ocr_par' dir='ltr' id='par_1_15' title="bbox 355 2097 1747 2198">
     <span class='ocr_line' id='line_1_37' title="bbox 406 2097 1747 2149; baseline -0.001 -15"><span class='ocrx_word' id='word_1_319' title='bbox 406 2100 602 2141; x_wconf 81' lang='lat' dir='ltr'><strong>SEQUENTI</strong></span> <span class='ocrx_word' id='word_1_320' title='bbox 630 2103 930 2145; x_wconf 75' lang='lat' dir='ltr'>RECITATIONE]</span> <span class='ocrx_word' id='word_1_321' title='bbox 959 2098 1015 2134; x_wconf 77' lang='lat' dir='ltr'>Ita</span> <span class='ocrx_word' id='word_1_322' title='bbox 1050 2099 1125 2135; x_wconf 70' lang='grc' dir='ltr'>ΜΠ.</span> <span class='ocrx_word' id='word_1_323' title='bbox 1162 2099 1280 2137; x_wconf 78' lang='lat' dir='ltr'>vatic.</span> <span class='ocrx_word' id='word_1_324' title='bbox 1313 2099 1374 2136; x_wconf 80' lang='lat' dir='ltr'>Sic</span> <span class='ocrx_word' id='word_1_325' title='bbox 1403 2111 1549 2149; x_wconf 86' lang='lat' dir='ltr'>quoque</span> <span class='ocrx_word' id='word_1_326' title='bbox 1579 2097 1747 2147; x_wconf 85' lang='lat' dir='ltr'>placebat:</span> 
     </span>
     <span class='ocr_line' id='line_1_38' title="bbox 355 2147 1273 2198; baseline 0 -12"><span class='ocrx_word' id='word_1_327' title='bbox 355 2147 489 2197; x_wconf 84' lang='lat' dir='ltr'>Lipfio.</span> <span class='ocrx_word' id='word_1_328' title='bbox 515 2150 705 2198; x_wconf 86' lang='lat' dir='ltr'>Perperarn</span> <span class='ocrx_word' id='word_1_329' title='bbox 733 2149 772 2184; x_wconf 88' lang='lat' dir='ltr'>in</span> <span class='ocrx_word' id='word_1_330' title='bbox 793 2149 892 2185; x_wconf 89' lang='lat' dir='ltr'>libris</span> <span class='ocrx_word' id='word_1_331' title='bbox 913 2148 1017 2185; x_wconf 87' lang='lat' dir='ltr'>editis</span> <span class='ocrx_word' id='word_1_332' title='bbox 1033 2176 1041 2191; x_wconf 89' lang='lat'>‚</span> <span class='ocrx_word' id='word_1_333' title='bbox 1073 2152 1273 2186; x_wconf 69' lang='lat' dir='ltr'>traHatz&#39;one.</span> 
     </span>
    </p>

    <p class='ocr_par' dir='ltr' id='par_1_16' title="bbox 402 2198 1419 2246">
     <span class='ocr_line' id='line_1_39' title="bbox 402 2198 1419 2246; baseline 0.001 -12"><span class='ocrx_word' id='word_1_334' title='bbox 402 2198 634 2236; x_wconf 81' lang='lat' dir='ltr'><strong>EDITIONEM</strong></span> <span class='ocrx_word' id='word_1_335' title='bbox 662 2211 821 2236; x_wconf 80' lang='lat' dir='ltr'>FESTINO</span> <span class='ocrx_word' id='word_1_336' title='bbox 846 2203 863 2245; x_wconf 90' lang='lat'><em>]</em></span> <span class='ocrx_word' id='word_1_337' title='bbox 894 2198 1020 2235; x_wconf 83' lang='lat' dir='ltr'>Mallet</span> <span class='ocrx_word' id='word_1_338' title='bbox 1046 2199 1283 2242; x_wconf 82' lang='lat' dir='ltr'>Gronovius,</span> <span class='ocrx_word' id='word_1_339' title='bbox 1309 2199 1419 2246; x_wconf 74' lang='lat' dir='ltr'>gestio.</span> 
     </span>
    </p>

    <p class='ocr_par' dir='ltr' id='par_1_17' title="bbox 408 2245 1749 2298">
     <span class='ocr_line' id='line_1_40' title="bbox 408 2245 1749 2298; baseline -0.001 -14"><span class='ocrx_word' id='word_1_340' title='bbox 408 2248 626 2286; x_wconf 77' lang='lat' dir='ltr'>CAusARUM</span> <span class='ocrx_word' id='word_1_341' title='bbox 655 2262 801 2286; x_wconf 73' lang='lat' dir='ltr'>srunns</span> <span class='ocrx_word' id='word_1_342' title='bbox 825 2253 842 2295; x_wconf 97' lang='lat'>]</span> <span class='ocrx_word' id='word_1_343' title='bbox 873 2248 971 2285; x_wconf 87' lang='lat' dir='ltr'>Bene</span> <span class='ocrx_word' id='word_1_344' title='bbox 994 2248 1129 2298; x_wconf 88' lang='lat' dir='ltr'>Lipsius</span> <span class='ocrx_word' id='word_1_345' title='bbox 1156 2253 1189 2285; x_wconf 75' lang='grc' dir='ltr'>δε</span> <span class='ocrx_word' id='word_1_346' title='bbox 1213 2248 1387 2286; x_wconf 83' lang='lat' dir='ltr'>Ernestus.</span> <span class='ocrx_word' id='word_1_347' title='bbox 1419 2247 1520 2284; x_wconf 73' lang='lat' dir='ltr'>Male</span> <span class='ocrx_word' id='word_1_348' title='bbox 1547 2246 1586 2282; x_wconf 88' lang='lat' dir='ltr'>in</span> <span class='ocrx_word' id='word_1_349' title='bbox 1614 2245 1749 2283; x_wconf 71' lang='lat' dir='ltr'>veteri«</span> 
     </span>
    </p>
   </div>
   <div class='ocr_carea' id='block_1_6' title="bbox 293 2298 873 2342">
    <p class='ocr_par' dir='ltr' id='par_1_18' title="bbox 293 2298 873 2342">
     <span class='ocr_line' id='line_1_41' title="bbox 293 2298 873 2342; baseline -0.003 -6"><span class='ocrx_word' id='word_1_350' title='bbox 293 2326 299 2330; x_wconf 40' lang='lat' dir='ltr'>f</span> <span class='ocrx_word' id='word_1_351' title='bbox 355 2298 422 2336; x_wconf 89' lang='lat' dir='ltr'>bus</span> <span class='ocrx_word' id='word_1_352' title='bbox 443 2298 687 2342; x_wconf 85' lang='lat' dir='ltr'>editionibus,</span> <span class='ocrx_word' id='word_1_353' title='bbox 713 2313 873 2336; x_wconf 84' lang='lat' dir='ltr'>curarum.</span> 
     </span>
    </p>
   </div>
   <div class='ocr_carea' id='block_1_7' title="bbox 407 2349 1746 2460">
    <p class='ocr_par' dir='ltr' id='par_1_19' title="bbox 407 2349 1746 2460">
     <span class='ocr_line' id='line_1_42' title="bbox 407 2349 1223 2397; baseline -0.001 -12"><span class='ocrx_word' id='word_1_354' title='bbox 407 2350 484 2388; x_wconf 78' lang='lat' dir='ltr'><strong>le</strong></span> <span class='ocrx_word' id='word_1_355' title='bbox 510 2361 729 2387; x_wconf 78' lang='lat' dir='ltr'>SUFHCERES</span> <span class='ocrx_word' id='word_1_356' title='bbox 753 2353 772 2396; x_wconf 95' lang='lat'>]</span> <span class='ocrx_word' id='word_1_357' title='bbox 801 2349 880 2387; x_wconf 86' lang='lat' dir='ltr'>Mss.</span> <span class='ocrx_word' id='word_1_358' title='bbox 905 2349 1024 2389; x_wconf 83' lang='lat' dir='ltr'>Vatic.</span> <span class='ocrx_word' id='word_1_359' title='bbox 1048 2349 1223 2397; x_wconf 79' lang='lat' dir='ltr'>Suffeceris.</span> 
     </span>
     <span class='ocr_line' id='line_1_43' title="bbox 1488 2420 1746 2460; baseline -0.012 0"><span class='ocrx_word' id='word_1_360' title='bbox 1488 2420 1746 2460; x_wconf 72' lang='lat' dir='ltr'>GRAECORUM</span> 
     </span>
    </p>
   </div>
  </div>
 </body>
</html>
