1952 2708
374 159 458 198 154
619 140 668 180 c,
735 135 1146 180 CORNELII
1209 134 1500 177 TAcirr

365 226 426 280 jus
458 220 579 263 civile
610 218 819 266 didiciffe;
855 217 959 275 apud
990 216 1202 259 Philonem
1240 217 1533 258 Academicum
1563 223 1573 240 ¹
1603 246 1616 267 ,
1648 219 1752 275 apud

367 286 598 330 Diodotum
615 284 802 325 Stoicum
831 286 844 302 ²
866 296 1006 322 omnes
1030 280 1293 338 philosophia:
1318 294 1446 337 partes
1475 282 1632 337 penitus
1662 283 1754 322 hau-

366 350 470 391 fiffe:
497 363 625 403 neque
656 348 716 388 his
742 344 970 386 do&oribus
991 358 1229 385 contentum
1254 349 1295 394 ³,
1325 359 1494 397 quorum
1513 345 1550 384 ei
1573 347 1691 401 copia
1713 347 1755 386 in

367 413 476 455 Urbe
499 413 753 465 contigerat,
793 408 990 448 Achaiam
1025 422 1184 461 quoque
1213 410 1254 447 &
1281 406 1413 448 Aliam
1437 408 1654 462 peragrasse
1671 437 1684 458 ,
1711 423 1757 449 ut

369 491 533 519 omnem
568 475 748 515 omnium
789 472 933 512 artium
960 471 1194 511 varietatem
1236 469 1580 526 comple&eretur.
1616 471 1756 525 Itaque
1812 485 1834 525 5

369 537 535 582 hercule
562 540 604 578 in
639 536 748 577 libris
787 535 996 576 Ciceronis
1033 533 1332 590 deprehendere
1363 532 1462 575 licet
1487 563 1499 584 ,
1537 549 1620 574 non
1660 549 1758 589 geo-

369 604 543 653 metriae,
565 617 648 642 non
676 599 854 649 musicae,
885 613 968 639 non
993 598 1259 653 grammaticae
1280 626 1293 647 ,
1322 612 1405 638 non
1437 596 1607 651 denique
1635 597 1758 640 ullius

371 669 552 721 ingenuae
581 665 672 706 artis
701 663 909 704 scientiam
938 663 975 702 ei
1000 661 1176 702 defuisse.
1218 659 1295 701 Ille
1325 659 1538 702 dialefficae
1559 665 1577 689 4
1602 659 1758 701 subtili-

370 742 495 771 tatem
516 759 528 779 ,
566 727 635 768 ille
668 726 828 768 moralis
866 726 985 782 partis
1021 730 1033 757 5
1072 724 1320 774 utilitatem,
1356 722 1426 765 ille
1457 739 1589 765 rerum
1624 737 1759 765 motus

372 792 585 847 causasque
614 792 833 847 cognovit:
860 791 914 830 ita
944 790 1050 830 enim
1077 789 1156 839 est,
1185 789 1329 844 optimi
1353 789 1454 838 viri,
1478 789 1533 828 ita
1560 802 1610 828 ex
1634 785 1759 828 multa

372 856 624 905 eruditione,
652 870 703 896 ex
728 852 906 911 pluribus
931 852 1105 903 artibus,
1139 856 1180 893 &
1205 852 1388 892 omnium
1413 865 1546 892 rerum
1571 848 1759 902 scientia,

373 919 550 960 exundat
587 923 627 959 ὅς
654 917 844 959 exuberat
871 915 941 957 illa
968 914 1210 957 admirabilis
1235 914 1489 970 eloquentia:
1518 930 1647 970 neque
1672 929 1763 955 ora-

371 984 470 1024 toris
496 984 555 1024 vis
583 986 624 1023 &
648 980 817 1023 facultas
833 1011 846 1031 ‚
875 980 974 1021 sicut
996 993 1219 1021 ceterarum
1238 994 1396 1029 rerum,
1419 979 1588 1034 angustis
1612 983 1653 1019 ὃ(
1673 977 1763 1018 bre-

371 1045 489 1087 vibus
514 1047 693 1087 terminis
723 1044 921 1086 cluditur:
949 1044 1017 1084 sed
1037 1044 1068 1084 is
1091 1044 1144 1083 est
1167 1056 1324 1093 orator,
1348 1043 1415 1096 qui
1436 1042 1485 1083 de
1509 1043 1620 1083 omni
1643 1041 1762 1096 quaes-

371 1110 485 1149 tione
514 1109 682 1165 pulchre
698 1137 710 1158 ,
742 1113 783 1148 ὃς
809 1107 949 1149 ornate
965 1136 978 1157 ,
1007 1109 1047 1147 ὃς
1078 1106 1126 1147 ad
1153 1105 1470 1162 persuadendum
1491 1107 1581 1162 apte
1601 1105 1762 1155 dicere,

373 1187 446 1228 pro
472 1172 668 1227 dignitate
692 1186 822 1211 rerum
840 1200 853 1220 ,
882 1170 930 1211 ad
961 1168 1180 1210 utilitatem
1206 1182 1434 1225 temporum
1450 1198 1464 1220 ,
1493 1184 1587 1210 cum
1614 1166 1763 1224 volup-

374 1249 457 1276 tate
486 1236 732 1276 audientium
761 1234 889 1290 possit.

439 1298 619 1339 XXXI.
654 1299 775 1339 HAEC
802 1296 870 1338 fibi
894 1294 954 1336 illi
984 1310 1138 1337 veteres
1159 1294 1469 1351 persuadebant:
1497 1295 1545 1335 ad
1569 1296 1653 1336 haec
1678 1294 1765 1336 effi-

376 1360 519 1401 cienda
549 1360 830 1415 intelligebant
855 1373 955 1416 opus
985 1359 1060 1400 esse
1077 1388 1089 1409 ,
1118 1373 1200 1399 non
1227 1371 1272 1398 ut
1294 1360 1501 1399 rhetorum
1525 1357 1674 1399 scholis
1695 1359 1763 1399 de-

378 1422 625 1474 clamarent,
656 1438 734 1464 nec
759 1436 803 1464 ut
826 1424 923 1463 ficiis
940 1452 953 1472 ,
984 1438 1061 1464 nec
1080 1420 1167 1462 ullo
1192 1421 1315 1462 modo
1342 1422 1391 1462 ad
1418 1423 1627 1462 veritatem
1653 1436 1765 1463 acce·
1787 1437 1846 1465 20

376 1486 585 1536 dentibus,
608 1486 888 1528 controversiis
904 1485 921 1507 ⁶
936 1484 1118 1541 linguam
1139 1485 1263 1526 modo
1283 1489 1323 1526 &
1343 1499 1488 1526 vocem
1511 1498 1765 1538 exercerent,

376 1549 445 1590 secl
477 1563 522 1590 ut
553 1551 614 1591 his
647 1549 795 1591 artibus
827 1551 961 1606 penitus
989 1548 1232 1606 implerent,
1259 1549 1301 1590 in
1326 1547 1467 1603 quibus
1494 1548 1543 1590 de
1571 1548 1688 1590 bonis
1717 1565 1767 1591 ac

1790 801 1841 828 10

419 1681 428 1695 ¹
461 1677 624 1707 Pmomffl
657 1676 875 1708 ΑεΑῡεΜιευΜ
897 1677 911 1714 ]
937 1676 1052 1708 Cicero

378 1715 443 1746 loc.
465 1715 521 1745 cit.
535 1715 685 1755 Eodemque
697 1725 811 1752 tempore
821 1740 830 1754 ‚
851 1717 910 1744 crim
926 1716 1055 1752 princeps

379 1753 539 1785 Academiae
554 1754 642 1785 Philo.
652 1778 660 1785 .
676 1778 684 1786 ,
698 1755 812 1785 Romam
827 1755 935 1795 venzffet
946 1779 956 1793 ,
972 1764 1054 1784 totum

379 1797 404 1825 ei
417 1805 457 1823 me
470 1794 584 1824 tradidi.

419 1839 431 1853 ²
454 1834 635 1865 DionowM
653 1835 820 1871 swoxcum]
835 1835 938 1871 Quem
949 1835 1055 1865 laudat

381 1873 498 1905 Cicero
511 1897 521 1911 ,
542 1873 620 1904 ibid.
637 1885 702 1913 cap.
715 1885 756 1911 90
767 1897 776 1909 ,
798 1872 885 1902 Eram
899 1883 957 1902 cum
968 1875 1054 1904 Stoico

380 1913 513 1943 Diodoro.
532 1936 538 1943 .
553 1936 560 1943 .
581 1923 599 1942 α
619 1924 666 1951 quo
683 1915 743 1942 crim
759 1912 789 1941 in
807 1912 872 1942 aliis
886 1912 965 1942 rebus
976 1936 984 1949 ,
1000 1923 1055 1943 tum

376 1952 556 1992 studiqfiffinze'
567 1953 595 1982 in
611 1952 754 1982 dialeezicci
769 1952 926 1982 exercebar.

1092 1675 1196 1714 quidem
1224 1675 1378 1705 oratoribus
1395 1680 1406 1713 ,‘
1438 1675 1589 1716 quibuftum
1616 1675 1764 1705 exercebar·

1092 1715 1155 1755 ipfis
1169 1715 1333 1746 lubentibus.
1751 1747 1753 1750 ,

1131 1759 1147 1778 ⁴
1166 1755 1394 1791 DmtECTlcAE]
1413 1755 1460 1785 De
1468 1754 1528 1794 qua
1538 1752 1768 1791 Quintilianus,

1093 1793 1212 1833 Institur.
1232 1794 1313 1823 Orat.
1331 1795 1389 1823 XII
1404 1817 1413 1831 ‚
1429 1805 1446 1824 2
1461 1817 1480 1831 ,A
1492 1793 1560 1822 Haec
1577 1803 1645 1830 pars
1659 1792 1766 1823 dialec-

1093 1833 1149 1862 tica
1160 1833 1237 1873 ‚five
1256 1832 1332 1862 illam
1348 1832 1437 1862 dicere
1457 1832 1583 1862 malimus
1602 1831 1766 1870 disputatri—

1094 1882 1149 1901 cem
1167 1896 1177 1909 ‚
1199 1872 1234 1912 est
1258 1871 1334 1900 utilis
1352 1872 1427 1910 saepe
1458 1871 1488 1901 cr
1512 1871 1711 1911 finitionibus,
1733 1871 1765 1902 Cr·

1095 1910 1368 1950 comprehensionibus
1384 1934 1393 1948 ‚
1428 1910 1458 1940 Cr·
1479 1909 1646 1949 separandis
1671 1935 1680 1949 ,
1705 1921 1766 1950 quae

1086 1952 1156 1990 fiant
1165 1950 1321 1990 differentia
1334 1973 1343 1988 ,
1356 1949 1386 1980 Cr
1402 1949 1555 1989 resslvenda
1567 1950 1639 1979 ambi
1659 1950 1765 1989 uitare,

425 1998 433 2018 3
459 1993 693 2031 commum]
731 1992 843 2024 Cicero
873 1991 951 2022 ibid.
989 2000 1056 2030 cap.

383 2041 435 2068 91.
471 2031 566 2070 Iraque
596 2034 655 2062 ciam
683 2032 757 2072 effem
787 2030 925 2061 biennium
963 2032 1057 2069 versa-

384 2080 429 2099 tus
449 2071 476 2100 in
501 2071 609 2111 causis,
631 2071 661 2101 ὓ
676 2073 736 2110 jam
762 2070 791 2100 in
809 2070 871 2108 foro
895 2069 1056 2100 celebratum

383 2119 469 2139 meum
497 2121 590 2140 nomen
617 2111 699 2151 φῖ,
724 2110 809 2140 Βοηιᾶ
827 2111 890 2148 Jizm
913 2109 1056 2147 profefflus.

384 2149 455 2178 Citm
480 2151 601 2190 veniffem
626 2151 753 2181 Athenas
773 2172 782 2186 ‚
804 2150 857 2188 sex
881 2150 982 2187 menses
998 2159 1056 2177 cum

383 2188 519 2218 Antiocho
533 2214 541 2225 ‚
558 2190 658 2219 vereris
672 2189 826 2219 Academiae
846 2188 999 2228 nobilzffimo
1025 2187 1056 2217 Cr

382 2227 579 2267 prudenriffimo
591 2229 752 2268 philosopho,
762 2228 817 2266 fui.
828 2251 836 2258 .
847 2251 854 2259 .
867 2251 875 2258 .
891 2227 994 2258 Eodem
1008 2237 1056 2257 ta-

383 2277 444 2296 men
459 2276 574 2304 tempore
594 2269 711 2298 Athenis
730 2268 802 2306 apud
821 2268 992 2298 Demetrium
1005 2267 1056 2304 Sy-

383 2317 445 2336 rum
466 2316 580 2336 veterem
604 2307 632 2337 Cr
649 2319 702 2337 non
715 2307 857 2348 ignobilem
873 2307 981 2337 dicendi
999 2317 1056 2336 ma-

382 2345 515 2384 gistrum,
530 2345 649 2386 studiose*
674 2358 797 2376 exercere
811 2347 940 2385 sblebam.
962 2346 1024 2385 Pcss
1039 2356 1055 2374 a

386 2395 426 2415 nze
448 2385 515 2426 Asta
542 2395 599 2418 tota
618 2396 770 2427 peragrata
789 2387 824 2426 est
837 2411 848 2426 ‚
873 2397 931 2418 cum
941 2385 1056 2426 „summis

1098 1990 1127 2020 Er
1140 1989 1326 2030 distinguendo
1339 2014 1348 2027 ,
1360 1988 1520 2027 dividendo,
1533 1989 1633 2020 illicien
1655 1999 1669 2018 o
1681 2014 1690 2027 ‚
1717 1990 1766 2020 im-

1091 2029 1234 2067 plicando.
1245 2053 1251 2060 .
1262 2052 1269 2060 .
1279 2050 1288 2060 .
1300 2028 1365 2059 Janz
1379 2028 1483 2068 quidem
1499 2039 1567 2066 pars
1580 2029 1629 2059 illa
1641 2029 1767 2065 moralis,

1094 2081 1152 2109 quae
1181 2070 1282 2099 dicitur
1305 2068 1422 2108 Ethice,
1450 2071 1520 2099 certe*
1539 2077 1596 2098 tora
1617 2070 1718 2100 oratori
1731 2068 1766 2108 ej}

1095 2108 1308 2139 accommodata.

1135 2155 1143 2176 5
1168 2150 1243 2180 Mon
1251 2160 1317 2179 aus
1340 2150 1470 2186 PAR‘ris]
1485 2147 1608 2183 Cicero,
1621 2149 1660 2178 de
1671 2148 1766 2184 Fato,

1095 2199 1160 2228 cap.
1187 2200 1212 2219 1.
1233 2189 1296 2219 Nor
1319 2198 1378 2217 eam
1402 2187 1507 2223 partein
1521 2187 1690 2255 philpffiphiae
1703 2209 1712 2222 ,
1731 2186 1765 2215 de

1094 2228 1212 2258 moribus
1223 2227 1358 2265 appellare
1362 2225 1480 2264 Jblemus
1491 2238 1500 2254 :
1509 2226 1561 2265 sed
1592 2235 1648 2256 ecet
1660 2235 1764 2265 augen-

1096 2278 1147 2297 tem
1165 2268 1287 2307 linguam
1300 2265 1436 2295 Latinam
1451 2266 1592 2295 nominare
1607 2264 1745 2295 moralem.

1133 2309 1146 2326 ⁶
1168 2307 1453 2344 comnovansus]
1476 2306 1590 2343 Quales
1602 2305 1702 2336 adhuc
1714 2315 1765 2348 ei<-

1095 2345 1170 2376 stant
1181 2348 1303 2376 Senecae
1316 2345 1533 2389 controversiae
1547 2368 1557 2384 ,
1584 2345 1618 2379 ὃς
1633 2344 1765 2385 Quinti-

1094 2385 1170 2418 liani
1183 2385 1436 2419 declamatione&
