1952 2708
347 144 428 170 122
606 126 655 166 C.
717 122 1133 166 CORNELII
1187 123 1494 166 TACITI

416 209 467 247 V.
513 205 619 246 EGO
660 207 756 246 vero
784 234 798 256 ,
835 206 966 258 inquit
994 205 1196 246 Secundus
1216 236 1229 256 ,
1268 220 1480 260 antequam
1520 220 1583 246 me
1619 202 1727 257 judi-

341 286 427 313 cem
462 271 571 325 Aper
606 268 792 318 recuset,
822 268 996 319 faciam,
1026 270 1133 323 quod
1157 269 1270 325 probi
1300 273 1340 310 ὅ(
1368 270 1533 311 modesti
1572 267 1728 321 judices

342 332 497 383 solent,
525 344 569 372 ut
596 333 636 371 in
670 333 729 372 his
760 331 1060 386 cognitionibus
1089 332 1127 372 se
1155 332 1347 372 excusent
1373 362 1386 382 ,
1410 334 1451 371 in
1480 332 1620 386 quibus
1643 347 1727 372 ma-

342 396 525 437 nifestum
564 396 616 435 est
645 425 658 445 ,
701 394 865 435 alteram
901 394 1006 449 apud
1039 409 1107 435 eos
1145 408 1298 450 partem
1336 394 1461 448 gratia
1501 394 1726 451 praevalere.

343 461 446 514 Quis
472 459 579 500 enim
606 458 757 508 nescit,
784 458 986 497 neminem
1013 458 1111 496 mihi
1138 455 1455 507 conjunkhorem
1481 458 1556 498 effe
1588 462 1629 498 &
1656 458 1728 497 usu

343 523 546 572 amicitiae,
569 525 609 562 ὃ(
629 521 859 561 adsiduitate
877 519 1154 570 contubernii,
1177 519 1294 574 quam
1312 520 1489 561 Saleium
1511 521 1668 560 Bassum
1692 526 1728 570 ¹,

346 589 435 626 cum
462 587 659 641 optimum
686 586 815 624 virum
832 613 845 633 ,
872 596 958 623 tum
988 582 1312 623 absolutissimum
1340 586 1527 640 poetam?
1553 598 1671 639 porro
1700 583 1729 623 fi

345 650 506 705 poetica
549 647 755 689 accusatur
776 676 788 697 ,
832 661 914 686 non
944 644 1067 686 alium
1104 647 1224 687 video
1257 662 1368 688 reum
1404 646 1731 702 locupletiorem.

346 713 519 753 Securus
546 712 589 751 fit
625 740 638 760 ‚
675 711 804 763 inquit
829 711 942 761 Aper
965 738 979 759 ,
1013 713 1054 750 &
1083 709 1238 751 Saleius
1265 710 1399 751 Bassus
1424 740 1437 760 ,
1480 715 1520 750 ὃς
1554 709 1730 763 quisquis

343 774 443 815 alius
469 774 635 814 studium
658 774 824 829 poeticae
851 776 891 812 ὃς
919 774 1140 813 carminum
1167 773 1336 828 gloriam
1362 773 1499 823 fovet,
1530 775 1620 814 cum
1641 787 1731 813 cau-

345 838 403 878 sas
429 852 543 892 agere
565 852 647 877 non
668 836 794 893 poffit.
819 835 909 890 Ego
929 838 1062 887 enim,
1089 850 1281 890 quatenus
1305 835 1494 877 arbitrum
1515 839 1528 856 ²
1549 835 1630 876 litis
1656 837 1730 876 hu-

344 899 405 952 jus
426 902 587 950 inveni,
610 915 692 940 non
715 901 865 955 patiar,
888 901 1118 940 Maternum
1140 900 1330 941 societate
1350 899 1524 955 plurium
1543 899 1730 940 defendi:

346 964 413 1004 sed
447 968 487 1004 &
519 964 648 1019 ipsum
687 962 816 1003 solum
843 963 947 1019 apud
972 978 1042 1003 vos
1070 978 1229 1018 arguam
1248 994 1260 1014 ,
1290 963 1396 1017 quod
1424 976 1537 1003 natus
1565 962 1614 1003 ad
1640 961 1730 1002 elo-

346 1028 548 1080 quentiam
568 1025 725 1067 virilem
745 1031 785 1066 ὅ(
807 1027 1017 1067 oratoriam
1033 1056 1045 1076 ,
1068 1026 1143 1080 qu&
1166 1042 1299 1082 parare
1320 1025 1433 1065 fimul
1455 1031 1495 1067 &
1513 1027 1615 1066 tueri
1633 1025 1730 1066 ami-

347 1090 481 1139 citias,
504 1090 721 1130 adsciscere
745 1090 948 1139 nationes,
972 1088 1186 1144 complesti
1208 1091 1436 1145 provincias
1456 1089 1594 1146 poffit,
1615 1089 1730 1129 amit-

345 1153 395 1192 tit
421 1153 590 1192 studium
617 1157 626 1180 ³
646 1182 660 1202 ,
690 1167 768 1206 quo
792 1167 873 1192 non
896 1151 1003 1193 aliud
1025 1153 1066 1191 in
1090 1154 1253 1193 civitate
1281 1151 1408 1193 nostra
1427 1152 1493 1193 vel
1514 1153 1562 1193 ad
1580 1151 1732 1192 utilita-

346 1229 427 1255 tem
442 1214 671 1255 fruetuofius
687 1245 700 1265 ,
722 1214 788 1255 vel
811 1215 860 1256 ad
884 1215 1121 1270 dignitatem
1149 1215 1318 1271 amplius
1334 1246 1347 1266 ,
1376 1215 1440 1256 vel
1464 1216 1512 1256 ad
1528 1215 1644 1256 Urbis
1671 1215 1733 1255 fa-

345 1293 451 1318 mam
473 1277 679 1333 pulchrius
694 1308 706 1328 ,
731 1277 796 1318 vel
819 1279 866 1319 ad
888 1280 1010 1319 totius
1031 1280 1186 1334 imperii
1209 1292 1325 1333 atque
1351 1280 1530 1319 omnium
1551 1281 1733 1333 gentium

348 1342 533 1382 notitiam
559 1340 744 1381 illustrius
769 1343 991 1397 excogitari
1015 1344 1153 1398 potest.
1176 1344 1284 1383 Nam
1310 1343 1335 1381 fi
1358 1343 1406 1383 ad
1434 1341 1648 1382 utilitatem
1670 1343 1732 1381 vi-

347 1417 394 1444 tae
422 1405 557 1444 omnia
584 1403 748 1445 confilia
777 1405 954 1459 faEtaque
988 1407 1116 1446 nostra
1141 1406 1346 1460 dirigenda
1373 1406 1501 1455 sunt,
1531 1405 1625 1459 quid
1657 1405 1733 1445 erit

347 1468 471 1507 tutius
489 1497 501 1517 ,
529 1466 646 1520 quam
670 1482 758 1508 eam
781 1483 966 1509 exercere
991 1483 1115 1509 artem
1130 1500 1143 1518 ,
1171 1468 1246 1523 qua
1270 1469 1423 1525 semper
1448 1482 1618 1509 armatus
1642 1483 1734 1524 prae-

347 1530 485 1570 fidium
514 1532 677 1581 amicis,
704 1546 824 1587 opem
847 1531 983 1573 alienis
1000 1562 1012 1583 ,
1040 1532 1206 1573 salutem
1226 1531 1562 1588 periclitantibus,
1587 1531 1733 1572 invidis

347 1595 445 1634 vero
475 1597 513 1633 &
548 1595 721 1635 inimicis
749 1608 900 1636 metum
928 1600 967 1636 ὅ(
997 1610 1185 1637 terrorem
1214 1595 1321 1636 ultro
1346 1596 1475 1646 feras,
1504 1595 1587 1651 ipse
1617 1594 1733 1635 secu-

349 1671 414 1696 rus
429 1686 441 1706 ,
463 1661 502 1697 &
524 1656 636 1697 velut
655 1657 823 1711 quadam
842 1659 1031 1715 perpetua
1051 1658 1231 1716 potentia
1249 1675 1295 1700 ac
1315 1661 1505 1715 potestate
1527 1659 1732 1698 munitus?

351 1717 464 1770 cujus
486 1721 545 1760 vis
569 1725 608 1761 ὅς
631 1720 781 1762 utilitas
795 1752 807 1772 ,
831 1722 946 1764 rebus
969 1724 1155 1779 prospere
1175 1722 1388 1763 fluentibus
1404 1754 1416 1774 ‚
1445 1722 1614 1763 aliorum
1637 1735 1732 1777 prae-

349 1782 446 1822 sidio
467 1787 507 1823 ὅ(
528 1782 653 1824 tutela
675 1784 935 1838 intelligitur:
962 1787 1016 1826 fin
1037 1787 1238 1842 proprium
1261 1786 1485 1841 periculum
1504 1785 1732 1840 increpuit,

351 1860 434 1885 non
456 1846 620 1887 hercule
647 1846 796 1898 lorica,
819 1862 885 1889 aut
905 1848 1059 1903 gladius
1078 1851 1119 1889 in
1140 1850 1224 1890 acie
1244 1849 1394 1890 firmius
1413 1849 1730 1897 munimentum,

352 1906 470 1961 quam
501 1923 570 1950 reo
598 1913 636 1950 &
670 1909 914 1966 periclitanti
941 1912 1198 1966 eloquentia,
1225 1912 1440 1968 praesidium
1464 1910 1577 1951 fimul
1605 1915 1646 1951 &
1669 1923 1731 1951 te-

351 1970 461 2022 lum,
489 1988 568 2028 quo
592 1988 846 2029 propugnare
869 1977 1042 2031 pariter,
1069 1980 1110 2016 ὅ(
1133 1975 1430 2027 incess‘ere,vel
1455 1977 1495 2016 in
1518 1973 1731 2029 judicio42

365 2165 370 2170 ι
387 2131 395 2170 ξ
420 2128 707 2171 simum-Bassum
730 2131 743 2167 ]
772 2130 818 2161 De
835 2141 898 2169 quo
922 2131 1021 2168 Quin·
1040 2132 1196 2181 {vidimus
1212 2132 1298 2172 supra
1311 2131 1422 2163 Annal.
1442 2133 1487 2161 ΙΙΙ
1500 2154 1509 2166 ,
1535 2133 1582 2160 16.
1693 2166 1700 2173 ·

348 2166 490 2202 uiximus,
506 2166 622 2205 Instntn.
638 2169 749 2198 Orator.
762 2171 806 2205 X,
824 2181 833 2199 1
846 2193 855 2205 ‚
869 2170 1021 2200 Vehemens
1099 2177 1108 2197 3
1135 2174 1275 2204 ΑΜιττιτ
1291 2173 1455 2208 smmum]
1479 2170 1513 2199 ld
1529 2170 1584 2205 est,
1597 2167 1728 2199 Omstffl'·

347 2215 381 2233 ac
392 2206 523 2241 poeticum
537 2206 675 2246 ingenium
691 2207 780 2237 Saleii'
791 2208 862 2248 Baffi
875 2209 934 2246 fuit
945 2233 955 2247 ‚
970 2221 1020 2239 nec
1059 2210 1195 2240 Amirtere
1229 2222 1284 2250 pro
1317 2212 1439 2239 omittere
1462 2209 1574 2238 dietum
1599 2216 1728 2247 quoque

344 2245 429 2283 ipficm
439 2245 572 2281 senec‘lute
587 2257 731 2277 maturum.
1058 2250 1145 2289 supra
1156 2251 1322 2285 AnnaLII,
1339 2260 1388 2286 71.
1401 2250 1435 2280 ὃ(
1448 2249 1538 2283 XIV,
1556 2251 1605 2278 26·

384 2289 397 2303 ²
420 2286 588 2321 Qummws
613 2297 776 2317 ARmTRuM
798 2290 959 2326 JQuando
971 2297 1018 2325 te,
1096 2295 1111 2313 4
1132 2292 1198 2320 Vm.
1222 2300 1251 2319 m
1271 2300 1399 2321 JUch10
1419 2289 1433 2324 ]
1466 2287 1555 2326 APUd
1582 2295 1727 2329 centum-

345 2324 504 2361 Secunde,
522 2325 670 2356 arbitrum
693 2327 754 2357 litis
785 2327 872 2366 hujus
897 2329 1017 2359 inveni.
1058 2328 1166 2366 viros3
1190 2329 1229 2360 de
1255 2328 1367 2368 quibus
1394 2338 1471 2358 mox
1499 2327 1618 2358 dicetur
1646 2325 1728 2356 init&

345 2361 493 2402 Quatenus
525 2375 581 2405 pro
610 2365 715 2405 quando
741 2366 917 2406 usurpatum
952 2369 1017 2408 jam
1057 2377 1121 2407 cap.
1137 2378 1169 2407 7.

1752 463 1775 504 5

1759 781 1814 813 10'

1756 1414 1814 1442 20
