<?xml version="1.0" encoding="UTF-8"?>
<!DOCTYPE html PUBLIC "-//W3C//DTD XHTML 1.0 Transitional//EN"
    "http://www.w3.org/TR/xhtml1/DTD/xhtml1-transitional.dtd">
<html xmlns="http://www.w3.org/1999/xhtml" xml:lang="en" lang="en">
 <head>
  <title>
</title>
<meta http-equiv="Content-Type" content="text/html;charset=utf-8" />
  <meta name='ocr-system' content='tesseract 3.04.00' />
  <meta name='ocr-capabilities' content='ocr_page ocr_carea ocr_par ocr_line ocrx_word'/>
</head>
<body>
  <div class='ocr_page' id='page_1' title='image "./operabro04taciuoft_0334.png"; bbox 0 0 1952 2708; ppageno 0'>
   <div class='ocr_carea' id='block_1_1' title="bbox 240 195 354 202">
    <p class='ocr_par' dir='ltr' id='par_1_1' title="bbox 240 195 354 202">
     <span class='ocr_line' id='line_1_1' title="bbox 240 195 354 202; baseline 0 2506"><span class='ocrx_word' id='word_1_1' title='bbox 240 195 354 202; x_wconf 95' lang='lat' dir='ltr'> </span> 
     </span>
    </p>
   </div>
   <div class='ocr_carea' id='block_1_2' title="bbox 240 203 354 210">
    <p class='ocr_par' dir='ltr' id='par_1_2' title="bbox 240 203 354 210">
     <span class='ocr_line' id='line_1_2' title="bbox 240 203 354 210; baseline 0 0"><span class='ocrx_word' id='word_1_2' title='bbox 240 203 354 210; x_wconf 95' lang='lat' dir='ltr'> </span> 
     </span>
    </p>
   </div>
   <div class='ocr_carea' id='block_1_3' title="bbox 240 212 351 217">
    <p class='ocr_par' dir='ltr' id='par_1_3' title="bbox 240 212 351 217">
     <span class='ocr_line' id='line_1_3' title="bbox 240 212 351 217; baseline 0 0"><span class='ocrx_word' id='word_1_3' title='bbox 240 212 351 217; x_wconf 95' lang='lat' dir='ltr'> </span> 
     </span>
    </p>
   </div>
   <div class='ocr_carea' id='block_1_4' title="bbox 239 235 351 260">
    <p class='ocr_par' dir='ltr' id='par_1_4' title="bbox 239 235 351 260">
     <span class='ocr_line' id='line_1_4' title="bbox 239 235 351 260; baseline 0.018 -2"><span class='ocrx_word' id='word_1_4' title='bbox 239 235 268 258; x_wconf 79' lang='lat' dir='ltr'>A.</span> <span class='ocrx_word' id='word_1_5' title='bbox 282 237 310 259; x_wconf 89' lang='lat' dir='ltr'>U.</span> <span class='ocrx_word' id='word_1_6' title='bbox 323 237 351 260; x_wconf 90' lang='lat' dir='ltr'>C.</span> 
     </span>
    </p>
   </div>
   <div class='ocr_carea' id='block_1_5' title="bbox 258 288 330 356">
    <p class='ocr_par' dir='ltr' id='par_1_5' title="bbox 258 288 330 356">
     <span class='ocr_line' id='line_1_5' title="bbox 258 288 330 316; baseline -0.028 0"><span class='ocrx_word' id='word_1_7' title='bbox 258 288 330 316; x_wconf 84' lang='lat'>793·</span> 
     </span>
     <span class='ocr_line' id='line_1_6' title="bbox 265 333 324 356; baseline 0 -1"><span class='ocrx_word' id='word_1_8' title='bbox 265 334 288 355; x_wconf 85' lang='lat' dir='ltr'>J.</span> <span class='ocrx_word' id='word_1_9' title='bbox 297 333 324 356; x_wconf 84' lang='lat' dir='ltr'>c.</span> 
     </span>
    </p>
   </div>
   <div class='ocr_carea' id='block_1_6' title="bbox 271 389 322 417">
    <p class='ocr_par' dir='ltr' id='par_1_6' title="bbox 271 389 322 417">
     <span class='ocr_line' id='line_1_7' title="bbox 271 389 322 417; baseline 0.02 -9"><span class='ocrx_word' id='word_1_10' title='bbox 271 389 322 417; x_wconf 72' lang='lat'>40.</span> 
     </span>
    </p>
   </div>
   <div class='ocr_carea' id='block_1_7' title="bbox 377 91 1458 148">
    <p class='ocr_par' dir='ltr' id='par_1_7' title="bbox 377 91 1458 148">
     <span class='ocr_line' id='line_1_8' title="bbox 377 91 1458 148; baseline -0.003 -12"><span class='ocrx_word' id='word_1_11' title='bbox 377 111 464 148; x_wconf 74' lang='lat'>322</span> <span class='ocrx_word' id='word_1_12' title='bbox 653 91 1458 136; x_wconf 89' lang='lat' dir='ltr'><strong>SUPPLEMENTUM</strong></span> 
     </span>
    </p>
   </div>
   <div class='ocr_carea' id='block_1_8' title="bbox 368 169 1762 1677">
    <p class='ocr_par' dir='ltr' id='par_1_8' title="bbox 375 169 1762 407">
     <span class='ocr_line' id='line_1_9' title="bbox 376 169 1762 234; baseline -0.005 -15"><span class='ocrx_word' id='word_1_13' title='bbox 376 175 624 234; x_wconf 87' lang='lat' dir='ltr'>opportuni,</span> <span class='ocrx_word' id='word_1_14' title='bbox 649 173 878 230; x_wconf 83' lang='lat' dir='ltr'>legerentur</span> <span class='ocrx_word' id='word_1_15' title='bbox 906 178 946 215; x_wconf 75' lang='grc' dir='ltr'>ὅ(</span> <span class='ocrx_word' id='word_1_16' title='bbox 982 175 1030 215; x_wconf 90' lang='lat' dir='ltr'>ad</span> <span class='ocrx_word' id='word_1_17' title='bbox 1069 188 1256 230; x_wconf 82' lang='lat' dir='ltr'>pompam</span> <span class='ocrx_word' id='word_1_18' title='bbox 1287 173 1584 229; x_wconf 86' lang='lat' dir='ltr'>seponerentur.</span> <span class='ocrx_word' id='word_1_19' title='bbox 1616 169 1762 212; x_wconf 76' lang='lat' dir='ltr'>Cunffl</span> 
     </span>
     <span class='ocr_line' id='line_1_10' title="bbox 375 236 1762 294; baseline -0.005 -14"><span class='ocrx_word' id='word_1_20' title='bbox 375 254 534 294; x_wconf 88' lang='lat' dir='ltr'>quoque</span> <span class='ocrx_word' id='word_1_21' title='bbox 568 237 653 291; x_wconf 87' lang='lat' dir='ltr'>juffi</span> <span class='ocrx_word' id='word_1_22' title='bbox 686 254 769 280; x_wconf 90' lang='lat' dir='ltr'>non</span> <span class='ocrx_word' id='word_1_23' title='bbox 801 241 957 279; x_wconf 78' lang='lat' dir='ltr'>tantum</span> <span class='ocrx_word' id='word_1_24' title='bbox 988 237 1148 279; x_wconf 90' lang='lat' dir='ltr'>rutilare</span> <span class='ocrx_word' id='word_1_25' title='bbox 1178 242 1186 258; x_wconf 90' lang='lat'>¹</span> <span class='ocrx_word' id='word_1_26' title='bbox 1221 241 1263 277; x_wconf 82' lang='lat'>&amp;</span> <span class='ocrx_word' id='word_1_27' title='bbox 1300 236 1530 276; x_wconf 82' lang='lat' dir='ltr'>submittere</span> <span class='ocrx_word' id='word_1_28' title='bbox 1565 249 1723 275; x_wconf 86' lang='lat' dir='ltr'>comam</span> <span class='ocrx_word' id='word_1_29' title='bbox 1747 262 1762 283; x_wconf 88' lang='lat'>,</span> 
     </span>
     <span class='ocr_line' id='line_1_11' title="bbox 377 296 1761 349; baseline -0.004 -6"><span class='ocrx_word' id='word_1_30' title='bbox 377 303 443 343; x_wconf 92' lang='lat' dir='ltr'>sed</span> <span class='ocrx_word' id='word_1_31' title='bbox 470 307 510 343; x_wconf 75' lang='grc' dir='ltr'>ὃ(</span> <span class='ocrx_word' id='word_1_32' title='bbox 538 302 763 343; x_wconf 87' lang='lat' dir='ltr'>sermonem</span> <span class='ocrx_word' id='word_1_33' title='bbox 792 302 1079 342; x_wconf 86' lang='lat' dir='ltr'>Germanicum</span> <span class='ocrx_word' id='word_1_34' title='bbox 1108 298 1309 340; x_wconf 85' lang='lat' dir='ltr'>addiscere</span> <span class='ocrx_word' id='word_1_35' title='bbox 1326 329 1339 349; x_wconf 91' lang='lat'>,</span> <span class='ocrx_word' id='word_1_36' title='bbox 1364 314 1411 339; x_wconf 85' lang='lat' dir='ltr'>ac</span> <span class='ocrx_word' id='word_1_37' title='bbox 1438 299 1602 339; x_wconf 89' lang='lat' dir='ltr'>nomina</span> <span class='ocrx_word' id='word_1_38' title='bbox 1629 296 1761 338; x_wconf 80' lang='lat' dir='ltr'>barba-</span> 
     </span>
     <span class='ocr_line' id='line_1_12' title="bbox 376 365 603 407; baseline 0 -1"><span class='ocrx_word' id='word_1_39' title='bbox 376 367 459 407; x_wconf 88' lang='lat' dir='ltr'>rica</span> <span class='ocrx_word' id='word_1_40' title='bbox 488 365 603 406; x_wconf 88' lang='lat' dir='ltr'>ferre.</span> 
     </span>
    </p>

    <p class='ocr_par' dir='ltr' id='par_1_9' title="bbox 369 422 1762 973">
     <span class='ocr_line' id='line_1_13' title="bbox 438 422 1758 482; baseline -0.005 -14"><span class='ocrx_word' id='word_1_41' title='bbox 438 428 670 469; x_wconf 84' lang='lat' dir='ltr'>XXXIX.</span> <span class='ocrx_word' id='word_1_42' title='bbox 705 429 779 469; x_wconf 85' lang='lat' dir='ltr'>NE</span> <span class='ocrx_word' id='word_1_43' title='bbox 806 427 901 482; x_wconf 91' lang='lat' dir='ltr'>quid</span> <span class='ocrx_word' id='word_1_44' title='bbox 927 426 1058 467; x_wconf 89' lang='lat' dir='ltr'>adhuc</span> <span class='ocrx_word' id='word_1_45' title='bbox 1085 424 1135 465; x_wconf 90' lang='lat' dir='ltr'>ad</span> <span class='ocrx_word' id='word_1_46' title='bbox 1164 422 1438 464; x_wconf 78' lang='lat' dir='ltr'>celebritatem</span> <span class='ocrx_word' id='word_1_47' title='bbox 1466 422 1611 463; x_wconf 87' lang='lat' dir='ltr'>deeffet</span> <span class='ocrx_word' id='word_1_48' title='bbox 1626 451 1639 473; x_wconf 92' lang='lat'>,</span> <span class='ocrx_word' id='word_1_49' title='bbox 1669 438 1758 463; x_wconf 88' lang='lat' dir='ltr'>mo-</span> 
     </span>
     <span class='ocr_line' id='line_1_14' title="bbox 373 483 1760 547; baseline -0.004 -16"><span class='ocrx_word' id='word_1_50' title='bbox 373 507 423 531; x_wconf 79' lang='lat' dir='ltr'>rae</span> <span class='ocrx_word' id='word_1_51' title='bbox 457 493 668 547; x_wconf 86' lang='lat' dir='ltr'>impatiens</span> <span class='ocrx_word' id='word_1_52' title='bbox 688 520 702 542; x_wconf 92' lang='lat'>,</span> <span class='ocrx_word' id='word_1_53' title='bbox 743 496 783 532; x_wconf 70' lang='grc' dir='ltr'>δε</span> <span class='ocrx_word' id='word_1_54' title='bbox 815 492 966 544; x_wconf 83' lang='lat' dir='ltr'>quanto</span> <span class='ocrx_word' id='word_1_55' title='bbox 996 487 1085 544; x_wconf 89' lang='lat' dir='ltr'>plus</span> <span class='ocrx_word' id='word_1_56' title='bbox 1116 487 1320 542; x_wconf 82' lang='lat' dir='ltr'>portenti,</span> <span class='ocrx_word' id='word_1_57' title='bbox 1356 487 1470 525; x_wconf 82' lang='lat' dir='ltr'>tanto</span> <span class='ocrx_word' id='word_1_58' title='bbox 1505 483 1593 540; x_wconf 90' lang='lat' dir='ltr'>plus</span> <span class='ocrx_word' id='word_1_59' title='bbox 1625 484 1760 539; x_wconf 83' lang='lat' dir='ltr'>gloria:</span> 
     </span>
     <span class='ocr_line' id='line_1_15' title="bbox 373 549 1761 610; baseline -0.006 -15"><span class='ocrx_word' id='word_1_60' title='bbox 373 553 625 610; x_wconf 74' lang='lat' dir='ltr'>Principibus</span> <span class='ocrx_word' id='word_1_61' title='bbox 650 554 841 595; x_wconf 82' lang='lat' dir='ltr'>accedere</span> <span class='ocrx_word' id='word_1_62' title='bbox 863 551 977 592; x_wconf 77' lang='lat' dir='ltr'>stulte</span> <span class='ocrx_word' id='word_1_63' title='bbox 999 552 1210 606; x_wconf 81' lang='lat' dir='ltr'>opinatus,</span> <span class='ocrx_word' id='word_1_64' title='bbox 1238 550 1425 604; x_wconf 69' lang='lat' dir='ltr'>praecepit</span> <span class='ocrx_word' id='word_1_65' title='bbox 1448 549 1653 597; x_wconf 86' lang='lat' dir='ltr'>triremes,</span> <span class='ocrx_word' id='word_1_66' title='bbox 1675 549 1761 601; x_wconf 90' lang='lat' dir='ltr'>qui-</span> 
     </span>
     <span class='ocr_line' id='line_1_16' title="bbox 372 611 1761 668; baseline -0.005 -11"><span class='ocrx_word' id='word_1_67' title='bbox 372 616 445 658; x_wconf 93' lang='lat' dir='ltr'>bus</span> <span class='ocrx_word' id='word_1_68' title='bbox 474 619 681 658; x_wconf 88' lang='lat' dir='ltr'>introierat</span> <span class='ocrx_word' id='word_1_69' title='bbox 712 617 924 657; x_wconf 85' lang='lat' dir='ltr'>Oceanum</span> <span class='ocrx_word' id='word_1_70' title='bbox 948 643 960 665; x_wconf 92' lang='lat'>,</span> <span class='ocrx_word' id='word_1_71' title='bbox 1000 611 1143 668; x_wconf 61' lang='lat' dir='ltr'>magna</span> <span class='ocrx_word' id='word_1_72' title='bbox 1183 626 1234 653; x_wconf 85' lang='lat' dir='ltr'>ex</span> <span class='ocrx_word' id='word_1_73' title='bbox 1264 625 1374 668; x_wconf 84' lang='lat' dir='ltr'>parte</span> <span class='ocrx_word' id='word_1_74' title='bbox 1411 612 1555 652; x_wconf 85' lang='lat' dir='ltr'>itinere</span> <span class='ocrx_word' id='word_1_75' title='bbox 1589 611 1761 651; x_wconf 85' lang='lat' dir='ltr'>terrestri</span> 
     </span>
     <span class='ocr_line' id='line_1_17' title="bbox 373 674 1759 733; baseline -0.005 -12"><span class='ocrx_word' id='word_1_76' title='bbox 373 681 551 721; x_wconf 83' lang='lat' dir='ltr'>Romam</span> <span class='ocrx_word' id='word_1_77' title='bbox 577 680 721 720; x_wconf 89' lang='lat' dir='ltr'>devehi</span> <span class='ocrx_word' id='word_1_78' title='bbox 751 683 779 719; x_wconf 84' lang='lat'>².</span> <span class='ocrx_word' id='word_1_79' title='bbox 810 677 972 733; x_wconf 80' lang='lat' dir='ltr'>Scripsit</span> <span class='ocrx_word' id='word_1_80' title='bbox 999 681 1039 718; x_wconf 70' lang='grc' dir='ltr'>ὃ(</span> <span class='ocrx_word' id='word_1_81' title='bbox 1067 674 1390 732; x_wconf 83' lang='lat' dir='ltr'>procuratoribus</span> <span class='ocrx_word' id='word_1_82' title='bbox 1418 679 1429 703; x_wconf 87' lang='lat'><em>³</em></span> <span class='ocrx_word' id='word_1_83' title='bbox 1463 690 1485 711; x_wconf 68' lang='lat' dir='ltr'>c&lt;</span> <span class='ocrx_word' id='word_1_84' title='bbox 1510 675 1759 730; x_wconf 89' lang='lat' dir='ltr'>triumphum</span> 
     </span>
     <span class='ocr_line' id='line_1_18' title="bbox 370 737 1758 799; baseline -0.006 -15"><span class='ocrx_word' id='word_1_85' title='bbox 370 755 638 799; x_wconf 86' lang='lat' dir='ltr'>»appararent</span> <span class='ocrx_word' id='word_1_86' title='bbox 664 741 781 796; x_wconf 72' lang='lat' dir='ltr'>quam</span> <span class='ocrx_word' id='word_1_87' title='bbox 818 737 983 781; x_wconf 64' lang='lat' dir='ltr'>minima</span> <span class='ocrx_word' id='word_1_88' title='bbox 1012 737 1196 786; x_wconf 54' lang='lat' dir='ltr'>summai3</span> <span class='ocrx_word' id='word_1_89' title='bbox 1231 738 1298 778; x_wconf 91' lang='lat' dir='ltr'>sed</span> <span class='ocrx_word' id='word_1_90' title='bbox 1337 750 1506 792; x_wconf 89' lang='lat' dir='ltr'>quantus</span> <span class='ocrx_word' id='word_1_91' title='bbox 1540 751 1758 791; x_wconf 87' lang='lat' dir='ltr'>numquam</span> 
     </span>
     <span class='ocr_line' id='line_1_19' title="bbox 370 798 1758 851; baseline -0.002 -8"><span class='ocrx_word' id='word_1_92' title='bbox 370 806 503 847; x_wconf 77' lang='lat' dir='ltr'>»alius</span> <span class='ocrx_word' id='word_1_93' title='bbox 533 805 663 846; x_wconf 88' lang='lat' dir='ltr'>fuisset</span> <span class='ocrx_word' id='word_1_94' title='bbox 693 810 711 833; x_wconf 76' lang='lat'>4</span> <span class='ocrx_word' id='word_1_95' title='bbox 736 822 744 844; x_wconf 73' lang='grc' dir='ltr'>ε</span> <span class='ocrx_word' id='word_1_96' title='bbox 771 819 838 845; x_wconf 90' lang='lat' dir='ltr'>eos</span> <span class='ocrx_word' id='word_1_97' title='bbox 860 805 902 844; x_wconf 88' lang='lat' dir='ltr'>in</span> <span class='ocrx_word' id='word_1_98' title='bbox 926 804 1108 844; x_wconf 87' lang='lat' dir='ltr'>omnium</span> <span class='ocrx_word' id='word_1_99' title='bbox 1131 802 1342 843; x_wconf 86' lang='lat' dir='ltr'>hominum</span> <span class='ocrx_word' id='word_1_100' title='bbox 1370 800 1476 841; x_wconf 89' lang='lat' dir='ltr'>bona</span> <span class='ocrx_word' id='word_1_101' title='bbox 1501 798 1562 851; x_wconf 86' lang='lat' dir='ltr'>jus</span> <span class='ocrx_word' id='word_1_102' title='bbox 1587 799 1758 840; x_wconf 87' lang='lat' dir='ltr'>habere:</span> 
     </span>
     <span class='ocr_line' id='line_1_20' title="bbox 369 862 1762 925; baseline -0.005 -15"><span class='ocrx_word' id='word_1_103' title='bbox 369 884 500 925; x_wconf 85' lang='lat' dir='ltr'>»opes</span> <span class='ocrx_word' id='word_1_104' title='bbox 527 868 724 924; x_wconf 87' lang='lat' dir='ltr'>Principis</span> <span class='ocrx_word' id='word_1_105' title='bbox 750 867 798 908; x_wconf 88' lang='lat' dir='ltr'>ad</span> <span class='ocrx_word' id='word_1_106' title='bbox 831 882 938 908; x_wconf 90' lang='lat' dir='ltr'>nova</span> <span class='ocrx_word' id='word_1_107' title='bbox 975 866 1204 907; x_wconf 87' lang='lat' dir='ltr'>discrimina</span> <span class='ocrx_word' id='word_1_108' title='bbox 1245 869 1286 906; x_wconf 85' lang='lat'>&amp;</span> <span class='ocrx_word' id='word_1_109' title='bbox 1321 863 1549 920; x_wconf 77' lang='lat' dir='ltr'>reipublicae</span> <span class='ocrx_word' id='word_1_110' title='bbox 1588 862 1762 918; x_wconf 84' lang='lat' dir='ltr'>gloriam</span> 
     </span>
     <span class='ocr_line' id='line_1_21' title="bbox 371 931 737 973; baseline -0.003 -1"><span class='ocrx_word' id='word_1_111' title='bbox 371 931 659 973; x_wconf 82' lang='lat' dir='ltr'>»reservandas</span> <span class='ocrx_word' id='word_1_112' title='bbox 692 947 737 970; x_wconf 88' lang='lat'>».</span> 
     </span>
    </p>

    <p class='ocr_par' dir='ltr' id='par_1_10' title="bbox 368 989 1761 1677">
     <span class='ocr_line' id='line_1_22' title="bbox 434 989 1761 1042; baseline -0.003 -7"><span class='ocrx_word' id='word_1_113' title='bbox 434 995 533 1035; x_wconf 91' lang='lat' dir='ltr'>XL.</span> <span class='ocrx_word' id='word_1_114' title='bbox 567 996 609 1035; x_wconf 92' lang='lat' dir='ltr'>N</span> <span class='ocrx_word' id='word_1_115' title='bbox 620 1007 673 1034; x_wconf 77' lang='lat' dir='ltr'>Ec</span> <span class='ocrx_word' id='word_1_116' title='bbox 696 994 785 1034; x_wconf 85' lang='lat' dir='ltr'>satis</span> <span class='ocrx_word' id='word_1_117' title='bbox 807 993 953 1034; x_wconf 85' lang='lat' dir='ltr'>immiti</span> <span class='ocrx_word' id='word_1_118' title='bbox 976 993 1110 1034; x_wconf 90' lang='lat' dir='ltr'>animo</span> <span class='ocrx_word' id='word_1_119' title='bbox 1126 1021 1139 1042; x_wconf 93' lang='lat'>,</span> <span class='ocrx_word' id='word_1_120' title='bbox 1170 992 1240 1031; x_wconf 81' lang='lat' dir='ltr'>nifi</span> <span class='ocrx_word' id='word_1_121' title='bbox 1262 991 1303 1031; x_wconf 87' lang='lat' dir='ltr'>in</span> <span class='ocrx_word' id='word_1_122' title='bbox 1326 991 1450 1032; x_wconf 81' lang='lat' dir='ltr'>caedes</span> <span class='ocrx_word' id='word_1_123' title='bbox 1470 989 1761 1031; x_wconf 83' lang='lat' dir='ltr'>exardesceret.&#39;</span> 
     </span>
     <span class='ocr_line' id='line_1_23' title="bbox 368 1053 1757 1113; baseline -0.003 -16"><span class='ocrx_word' id='word_1_124' title='bbox 368 1057 472 1098; x_wconf 65' lang='lat' dir='ltr'>,Visu</span> <span class='ocrx_word' id='word_1_125' title='bbox 496 1057 706 1113; x_wconf 83' lang='lat' dir='ltr'>legionum</span> <span class='ocrx_word' id='word_1_126' title='bbox 733 1062 745 1088; x_wconf 83' lang='lat'>5</span> <span class='ocrx_word' id='word_1_127' title='bbox 761 1086 775 1106; x_wconf 92' lang='lat'>,</span> <span class='ocrx_word' id='word_1_128' title='bbox 805 1071 887 1110; x_wconf 77' lang='lat' dir='ltr'>qua:</span> <span class='ocrx_word' id='word_1_129' title='bbox 914 1069 1065 1112; x_wconf 88' lang='lat' dir='ltr'>patrem</span> <span class='ocrx_word' id='word_1_130' title='bbox 1098 1055 1210 1094; x_wconf 93' lang='lat' dir='ltr'>suum</span> <span class='ocrx_word' id='word_1_131' title='bbox 1239 1055 1527 1095; x_wconf 89' lang='lat' dir='ltr'>Germanicum</span> <span class='ocrx_word' id='word_1_132' title='bbox 1556 1057 1596 1094; x_wconf 85' lang='lat'>&amp;</span> <span class='ocrx_word' id='word_1_133' title='bbox 1627 1053 1667 1093; x_wconf 89' lang='lat' dir='ltr'>se</span> <span class='ocrx_word' id='word_1_134' title='bbox 1695 1054 1757 1093; x_wconf 89' lang='lat' dir='ltr'>in-</span> 
     </span>
     <span class='ocr_line' id='line_1_24' title="bbox 370 1116 1759 1170; baseline -0.002 -10"><span class='ocrx_word' id='word_1_135' title='bbox 370 1120 524 1161; x_wconf 87' lang='lat' dir='ltr'>fantem</span> <span class='ocrx_word' id='word_1_136' title='bbox 565 1119 664 1160; x_wconf 89' lang='lat' dir='ltr'>olim</span> <span class='ocrx_word' id='word_1_137' title='bbox 689 1119 924 1160; x_wconf 87' lang='lat' dir='ltr'>obsederant</span> <span class='ocrx_word' id='word_1_138' title='bbox 959 1118 1005 1169; x_wconf 84' lang='lat'>⁶,</span> <span class='ocrx_word' id='word_1_139' title='bbox 1034 1118 1251 1159; x_wconf 83' lang='lat' dir='ltr'>excanduit</span> <span class='ocrx_word' id='word_1_140' title='bbox 1278 1116 1362 1170; x_wconf 85' lang='lat' dir='ltr'>ejus</span> <span class='ocrx_word' id='word_1_141' title='bbox 1395 1117 1536 1163; x_wconf 87' lang='lat' dir='ltr'>furor;</span> <span class='ocrx_word' id='word_1_142' title='bbox 1576 1117 1759 1170; x_wconf 87' lang='lat' dir='ltr'>initoque</span> 
     </span>
     <span class='ocr_line' id='line_1_25' title="bbox 372 1178 1759 1235; baseline -0.002 -12"><span class='ocrx_word' id='word_1_143' title='bbox 372 1183 551 1224; x_wconf 80' lang='lat' dir='ltr'>nefandae</span> <span class='ocrx_word' id='word_1_144' title='bbox 578 1183 800 1224; x_wconf 89' lang='lat' dir='ltr'>atrocitatis</span> <span class='ocrx_word' id='word_1_145' title='bbox 829 1180 1023 1232; x_wconf 77' lang='lat' dir='ltr'>consilio,</span> <span class='ocrx_word' id='word_1_146' title='bbox 1055 1195 1195 1222; x_wconf 89' lang='lat' dir='ltr'>omnes</span> <span class='ocrx_word' id='word_1_147' title='bbox 1225 1181 1346 1220; x_wconf 92' lang='lat' dir='ltr'>morti</span> <span class='ocrx_word' id='word_1_148' title='bbox 1373 1180 1550 1221; x_wconf 90' lang='lat' dir='ltr'>destinat.</span> <span class='ocrx_word' id='word_1_149' title='bbox 1575 1178 1637 1219; x_wconf 91' lang='lat' dir='ltr'>Ab</span> <span class='ocrx_word' id='word_1_150' title='bbox 1669 1179 1759 1235; x_wconf 83' lang='lat' dir='ltr'>ipsis</span> 
     </span>
     <span class='ocr_line' id='line_1_26' title="bbox 371 1243 1758 1300; baseline -0.003 -15"><span class='ocrx_word' id='word_1_151' title='bbox 371 1259 507 1287; x_wconf 86' lang='lat' dir='ltr'>tamen</span> <span class='ocrx_word' id='word_1_152' title='bbox 541 1246 824 1287; x_wconf 88' lang='lat' dir='ltr'>crudelitatum</span> <span class='ocrx_word' id='word_1_153' title='bbox 852 1245 1144 1286; x_wconf 71' lang='lat' dir='ltr'>instin&amp;oribus</span> <span class='ocrx_word' id='word_1_154' title='bbox 1173 1243 1408 1300; x_wconf 78' lang='lat' dir='ltr'>praepeditus</span> <span class='ocrx_word' id='word_1_155' title='bbox 1435 1257 1485 1283; x_wconf 92' lang='lat' dir='ltr'>ne</span> <span class='ocrx_word' id='word_1_156' title='bbox 1510 1243 1720 1283; x_wconf 70' lang='lat' dir='ltr'>vindi&amp;am</span> <span class='ocrx_word' id='word_1_157' title='bbox 1744 1271 1758 1292; x_wconf 89' lang='lat'>,</span> 
     </span>
     <span class='ocr_line' id='line_1_27' title="bbox 370 1305 1758 1356; baseline -0.002 -7"><span class='ocrx_word' id='word_1_158' title='bbox 370 1322 434 1349; x_wconf 88' lang='lat' dir='ltr'>tot</span> <span class='ocrx_word' id='word_1_159' title='bbox 458 1309 756 1350; x_wconf 83' lang='lat' dir='ltr'>fortiffimorum</span> <span class='ocrx_word' id='word_1_160' title='bbox 785 1311 962 1349; x_wconf 83' lang='lat' dir='ltr'>virorum</span> <span class='ocrx_word' id='word_1_161' title='bbox 990 1310 1138 1348; x_wconf 89' lang='lat' dir='ltr'>virtute</span> <span class='ocrx_word' id='word_1_162' title='bbox 1164 1305 1398 1356; x_wconf 87' lang='lat' dir='ltr'>difficilem,</span> <span class='ocrx_word' id='word_1_163' title='bbox 1427 1310 1467 1346; x_wconf 83' lang='lat'>&amp;</span> <span class='ocrx_word' id='word_1_164' title='bbox 1493 1305 1544 1346; x_wconf 96' lang='lat' dir='ltr'>ob</span> <span class='ocrx_word' id='word_1_165' title='bbox 1571 1305 1758 1346; x_wconf 89' lang='lat' dir='ltr'>barbaros</span> 
     </span>
     <span class='ocr_line' id='line_1_28' title="bbox 371 1367 1758 1428; baseline -0.002 -17"><span class='ocrx_word' id='word_1_166' title='bbox 371 1372 548 1426; x_wconf 89' lang='lat' dir='ltr'>undique</span> <span class='ocrx_word' id='word_1_167' title='bbox 573 1385 782 1428; x_wconf 90' lang='lat' dir='ltr'>erupturos</span> <span class='ocrx_word' id='word_1_168' title='bbox 803 1370 966 1413; x_wconf 86' lang='lat' dir='ltr'>fatalem</span> <span class='ocrx_word' id='word_1_169' title='bbox 984 1400 996 1421; x_wconf 92' lang='lat'>,</span> <span class='ocrx_word' id='word_1_170' title='bbox 1024 1371 1266 1426; x_wconf 84' lang='lat' dir='ltr'>susciperet,</span> <span class='ocrx_word' id='word_1_171' title='bbox 1291 1369 1464 1409; x_wconf 87' lang='lat' dir='ltr'>inhiberi</span> <span class='ocrx_word' id='word_1_172' title='bbox 1489 1367 1602 1410; x_wconf 89' lang='lat' dir='ltr'>nullo</span> <span class='ocrx_word' id='word_1_173' title='bbox 1625 1369 1758 1423; x_wconf 86' lang='lat' dir='ltr'>potuit</span> 
     </span>
     <span class='ocr_line' id='line_1_29' title="bbox 369 1433 1757 1490; baseline -0.001 -16"><span class='ocrx_word' id='word_1_174' title='bbox 369 1435 496 1475; x_wconf 86' lang='lat' dir='ltr'>modo</span> <span class='ocrx_word' id='word_1_175' title='bbox 532 1436 630 1489; x_wconf 90' lang='lat' dir='ltr'>quin</span> <span class='ocrx_word' id='word_1_176' title='bbox 663 1435 864 1475; x_wconf 88' lang='lat' dir='ltr'>decimare</span> <span class='ocrx_word' id='word_1_177' title='bbox 906 1433 1012 1475; x_wconf 83' lang='lat' dir='ltr'>velle</span> <span class='ocrx_word' id='word_1_178' title='bbox 1047 1433 1316 1490; x_wconf 85' lang='lat' dir='ltr'>perseveraret</span> <span class='ocrx_word' id='word_1_179' title='bbox 1348 1437 1378 1472; x_wconf 86' lang='lat'>⁷.</span> <span class='ocrx_word' id='word_1_180' title='bbox 1411 1434 1592 1473; x_wconf 85' lang='lat' dir='ltr'>Vocatos</span> <span class='ocrx_word' id='word_1_181' title='bbox 1622 1433 1757 1486; x_wconf 86' lang='lat' dir='ltr'>itaque</span> 
     </span>
     <span class='ocr_line' id='line_1_30' title="bbox 368 1494 1759 1550; baseline -0.003 -12"><span class='ocrx_word' id='word_1_182' title='bbox 368 1497 420 1538; x_wconf 83' lang='lat' dir='ltr'>ad</span> <span class='ocrx_word' id='word_1_183' title='bbox 448 1499 692 1539; x_wconf 89' lang='lat' dir='ltr'>concionem</span> <span class='ocrx_word' id='word_1_184' title='bbox 722 1499 922 1547; x_wconf 88' lang='lat' dir='ltr'>inermes,</span> <span class='ocrx_word' id='word_1_185' title='bbox 950 1511 1068 1550; x_wconf 90' lang='lat' dir='ltr'>atque</span> <span class='ocrx_word' id='word_1_186' title='bbox 1094 1497 1215 1536; x_wconf 90' lang='lat' dir='ltr'>etiam</span> <span class='ocrx_word' id='word_1_187' title='bbox 1239 1494 1381 1549; x_wconf 79' lang='lat' dir='ltr'>gladiis</span> <span class='ocrx_word' id='word_1_188' title='bbox 1408 1495 1620 1550; x_wconf 86' lang='lat' dir='ltr'>depositis,</span> <span class='ocrx_word' id='word_1_189' title='bbox 1651 1495 1759 1548; x_wconf 88' lang='lat' dir='ltr'>equi-</span> 
     </span>
     <span class='ocr_line' id='line_1_31' title="bbox 371 1556 1758 1613; baseline -0.003 -13"><span class='ocrx_word' id='word_1_190' title='bbox 371 1573 458 1600; x_wconf 85' lang='lat' dir='ltr'>tatu</span> <span class='ocrx_word' id='word_1_191' title='bbox 485 1575 635 1601; x_wconf 87' lang='lat' dir='ltr'>armato</span> <span class='ocrx_word' id='word_1_192' title='bbox 665 1560 931 1602; x_wconf 89' lang='lat' dir='ltr'>circumsedit.</span> <span class='ocrx_word' id='word_1_193' title='bbox 959 1559 1038 1600; x_wconf 87' lang='lat' dir='ltr'>Sed</span> <span class='ocrx_word' id='word_1_194' title='bbox 1066 1562 1157 1599; x_wconf 72' lang='lat' dir='ltr'>cum</span> <span class='ocrx_word' id='word_1_195' title='bbox 1188 1558 1369 1608; x_wconf 86' lang='lat' dir='ltr'>videret,</span> <span class='ocrx_word' id='word_1_196' title='bbox 1396 1556 1570 1613; x_wconf 59' lang='lat' dir='ltr'>suspefiffi</span> <span class='ocrx_word' id='word_1_197' title='bbox 1584 1572 1654 1608; x_wconf 90' lang='lat' dir='ltr'>re,</span> <span class='ocrx_word' id='word_1_198' title='bbox 1675 1556 1758 1612; x_wconf 89' lang='lat' dir='ltr'>ple-</span> 
     </span>
     <span class='ocr_line' id='line_1_32' title="bbox 368 1620 1759 1677; baseline -0.001 -15"><span class='ocrx_word' id='word_1_199' title='bbox 368 1623 511 1677; x_wconf 88' lang='lat' dir='ltr'>rosque</span> <span class='ocrx_word' id='word_1_200' title='bbox 540 1623 661 1664; x_wconf 85' lang='lat' dir='ltr'>dilabi</span> <span class='ocrx_word' id='word_1_201' title='bbox 687 1624 735 1664; x_wconf 89' lang='lat' dir='ltr'>ad</span> <span class='ocrx_word' id='word_1_202' title='bbox 760 1623 1021 1673; x_wconf 85' lang='lat' dir='ltr'>resumenda,</span> <span class='ocrx_word' id='word_1_203' title='bbox 1049 1622 1075 1661; x_wconf 88' lang='lat' dir='ltr'>si</span> <span class='ocrx_word' id='word_1_204' title='bbox 1101 1637 1178 1676; x_wconf 88' lang='lat' dir='ltr'>qua</span> <span class='ocrx_word' id='word_1_205' title='bbox 1206 1622 1265 1662; x_wconf 89' lang='lat' dir='ltr'>vis</span> <span class='ocrx_word' id='word_1_206' title='bbox 1292 1621 1433 1671; x_wconf 86' lang='lat' dir='ltr'>fieret,</span> <span class='ocrx_word' id='word_1_207' title='bbox 1460 1635 1567 1661; x_wconf 87' lang='lat' dir='ltr'>arma</span> <span class='ocrx_word' id='word_1_208' title='bbox 1582 1649 1607 1672; x_wconf 84' lang='lat'>,.</span> <span class='ocrx_word' id='word_1_209' title='bbox 1625 1620 1759 1676; x_wconf 85' lang='lat' dir='ltr'>profu-</span> 
     </span>
    </p>
   </div>
   <div class='ocr_carea' id='block_1_9' title="bbox 365 1777 1758 2095">
    <p class='ocr_par' dir='ltr' id='par_1_11' title="bbox 367 1777 1758 1894">
     <span class='ocr_line' id='line_1_33' title="bbox 369 1777 1758 1824; baseline -0.001 -14"><span class='ocrx_word' id='word_1_210' title='bbox 369 1779 502 1824; x_wconf 76' lang='lat' dir='ltr'>phorum</span> <span class='ocrx_word' id='word_1_211' title='bbox 518 1780 582 1812; x_wconf 85' lang='lat' dir='ltr'>laus</span> <span class='ocrx_word' id='word_1_212' title='bbox 593 1781 748 1818; x_wconf 81' lang='lat' dir='ltr'>maxima,</span> <span class='ocrx_word' id='word_1_213' title='bbox 769 1783 841 1812; x_wconf 70' lang='lat' dir='ltr'>cum</span> <span class='ocrx_word' id='word_1_214' title='bbox 859 1780 920 1811; x_wconf 86' lang='lat' dir='ltr'>viri</span> <span class='ocrx_word' id='word_1_215' title='bbox 939 1780 1043 1812; x_wconf 84' lang='lat' dir='ltr'>fortis-</span> <span class='ocrx_word' id='word_1_216' title='bbox 1082 1780 1146 1810; x_wconf 87' lang='lat' dir='ltr'>sum</span> <span class='ocrx_word' id='word_1_217' title='bbox 1159 1780 1250 1810; x_wconf 72' lang='lat' dir='ltr'>facile</span> <span class='ocrx_word' id='word_1_218' title='bbox 1263 1777 1423 1810; x_wconf 79' lang='lat' dir='ltr'>aestimabis</span> <span class='ocrx_word' id='word_1_219' title='bbox 1434 1802 1442 1814; x_wconf 92' lang='lat'>‚</span> <span class='ocrx_word' id='word_1_220' title='bbox 1461 1778 1483 1808; x_wconf 86' lang='lat' dir='ltr'><strong>fi</strong></span> <span class='ocrx_word' id='word_1_221' title='bbox 1500 1778 1625 1810; x_wconf 88' lang='lat' dir='ltr'>tertium</span> <span class='ocrx_word' id='word_1_222' title='bbox 1648 1778 1758 1808; x_wconf 87' lang='lat' dir='ltr'>trium-</span> 
     </span>
     <span class='ocr_line' id='line_1_34' title="bbox 367 1817 1757 1860; baseline 0 -12"><span class='ocrx_word' id='word_1_223' title='bbox 367 1819 434 1849; x_wconf 78' lang='lat' dir='ltr'>fimi</span> <span class='ocrx_word' id='word_1_224' title='bbox 452 1843 461 1857; x_wconf 92' lang='lat'>‚</span> <span class='ocrx_word' id='word_1_225' title='bbox 488 1821 642 1860; x_wconf 84' lang='lat' dir='ltr'>principes</span> <span class='ocrx_word' id='word_1_226' title='bbox 668 1831 705 1852; x_wconf 83' lang='lat' dir='ltr'>ac</span> <span class='ocrx_word' id='word_1_227' title='bbox 729 1831 815 1860; x_wconf 81' lang='lat' dir='ltr'>reges</span> <span class='ocrx_word' id='word_1_228' title='bbox 837 1822 1043 1852; x_wconf 84' lang='lat' dir='ltr'>traduceban-</span> <span class='ocrx_word' id='word_1_229' title='bbox 1082 1820 1177 1859; x_wconf 85' lang='lat' dir='ltr'>phum</span> <span class='ocrx_word' id='word_1_230' title='bbox 1196 1842 1205 1854; x_wconf 80' lang='grc'>,</span> <span class='ocrx_word' id='word_1_231' title='bbox 1231 1828 1325 1857; x_wconf 89' lang='lat' dir='ltr'>quem</span> <span class='ocrx_word' id='word_1_232' title='bbox 1350 1818 1393 1848; x_wconf 84' lang='lat' dir='ltr'>M.</span> <span class='ocrx_word' id='word_1_233' title='bbox 1415 1817 1524 1848; x_wconf 77' lang='lat' dir='ltr'>Pisone</span> <span class='ocrx_word' id='word_1_234' title='bbox 1540 1841 1549 1855; x_wconf 92' lang='lat'>,</span> <span class='ocrx_word' id='word_1_235' title='bbox 1570 1819 1612 1848; x_wconf 88' lang='lat' dir='ltr'>M.</span> <span class='ocrx_word' id='word_1_236' title='bbox 1632 1817 1757 1848; x_wconf 67' lang='lat' dir='ltr'>Messala</span> 
     </span>
     <span class='ocr_line' id='line_1_35' title="bbox 370 1858 1757 1894; baseline -0.001 -5"><span class='ocrx_word' id='word_1_237' title='bbox 370 1867 431 1889; x_wconf 68' lang='lat' dir='ltr'>tur.</span> <span class='ocrx_word' id='word_1_238' title='bbox 1083 1859 1280 1894; x_wconf 74' lang='lat' dir='ltr'>consulibuS‚</span> <span class='ocrx_word' id='word_1_239' title='bbox 1295 1867 1379 1887; x_wconf 86' lang='lat' dir='ltr'>anno</span> <span class='ocrx_word' id='word_1_240' title='bbox 1397 1859 1431 1887; x_wconf 89' lang='lat' dir='ltr'>U.</span> <span class='ocrx_word' id='word_1_241' title='bbox 1449 1858 1485 1887; x_wconf 92' lang='lat' dir='ltr'>C.</span> <span class='ocrx_word' id='word_1_242' title='bbox 1504 1868 1645 1893; x_wconf 80' lang='lat' dir='ltr'>nexem,</span> <span class='ocrx_word' id='word_1_243' title='bbox 1662 1858 1757 1888; x_wconf 89' lang='lat' dir='ltr'>Pom-</span> 
     </span>
    </p>

    <p class='ocr_par' dir='ltr' id='par_1_12' title="bbox 365 1896 1754 2095">
     <span class='ocr_line' id='line_1_36' title="bbox 413 1896 1754 1936; baseline -0.001 -8"><span class='ocrx_word' id='word_1_244' title='bbox 413 1904 421 1916; x_wconf 90' lang='lat'>¹</span> <span class='ocrx_word' id='word_1_245' title='bbox 443 1899 608 1929; x_wconf 42' lang='lat' dir='ltr'>Rumina</span> <span class='ocrx_word' id='word_1_246' title='bbox 629 1900 645 1936; x_wconf 96' lang='lat'>]</span> <span class='ocrx_word' id='word_1_247' title='bbox 684 1899 765 1929; x_wconf 86' lang='lat' dir='ltr'>Plin.</span> <span class='ocrx_word' id='word_1_248' title='bbox 788 1900 920 1930; x_wconf 87' lang='lat' dir='ltr'>XXVIII</span> <span class='ocrx_word' id='word_1_249' title='bbox 947 1922 957 1936; x_wconf 92' lang='lat'>‚</span> <span class='ocrx_word' id='word_1_250' title='bbox 997 1910 1043 1929; x_wconf 86' lang='lat'>12.</span> <span class='ocrx_word' id='word_1_251' title='bbox 1082 1898 1166 1936; x_wconf 86' lang='lat' dir='ltr'>peius</span> <span class='ocrx_word' id='word_1_252' title='bbox 1191 1898 1254 1936; x_wconf 84' lang='lat' dir='ltr'>egit</span> <span class='ocrx_word' id='word_1_253' title='bbox 1273 1920 1281 1933; x_wconf 87' lang='lat'>‚</span> <span class='ocrx_word' id='word_1_254' title='bbox 1305 1896 1501 1935; x_wconf 81' lang='lat' dir='ltr'>cogitaveris.</span> <span class='ocrx_word' id='word_1_255' title='bbox 1530 1897 1610 1927; x_wconf 85' lang='lat' dir='ltr'>Vide</span> <span class='ocrx_word' id='word_1_256' title='bbox 1627 1907 1692 1935; x_wconf 88' lang='lat' dir='ltr'>quae</span> <span class='ocrx_word' id='word_1_257' title='bbox 1715 1897 1754 1926; x_wconf 89' lang='lat' dir='ltr'>de</span> 
     </span>
     <span class='ocr_line' id='line_1_37' title="bbox 372 1935 1754 1976; baseline 0 -11"><span class='ocrx_word' id='word_1_258' title='bbox 372 1935 516 1965; x_wconf 78' lang='lat' dir='ltr'>Gallorum</span> <span class='ocrx_word' id='word_1_259' title='bbox 534 1937 582 1967; x_wconf 84' lang='lat' dir='ltr'>lzoc</span> <span class='ocrx_word' id='word_1_260' title='bbox 601 1938 742 1968; x_wconf 82' lang='lat' dir='ltr'>inventum</span> <span class='ocrx_word' id='word_1_261' title='bbox 754 1937 903 1968; x_wconf 75' lang='lat' dir='ltr'>rutilandis</span> <span class='ocrx_word' id='word_1_262' title='bbox 915 1938 1043 1976; x_wconf 78' lang='lat' dir='ltr'>capillis,</span> <span class='ocrx_word' id='word_1_263' title='bbox 1082 1937 1142 1968; x_wconf 91' lang='lat' dir='ltr'>hoc</span> <span class='ocrx_word' id='word_1_264' title='bbox 1169 1935 1326 1975; x_wconf 86' lang='lat' dir='ltr'>triumpho</span> <span class='ocrx_word' id='word_1_265' title='bbox 1361 1935 1521 1966; x_wconf 77' lang='lat' dir='ltr'>retulimus</span> <span class='ocrx_word' id='word_1_266' title='bbox 1548 1935 1634 1974; x_wconf 72' lang='lat' dir='ltr'>supra</span> <span class='ocrx_word' id='word_1_267' title='bbox 1658 1937 1754 1965; x_wconf 86' lang='lat' dir='ltr'>Tom.</span> 
     </span>
     <span class='ocr_line' id='line_1_38' title="bbox 367 1974 1754 2019; baseline 0 -16"><span class='ocrx_word' id='word_1_268' title='bbox 367 1977 484 2019; x_wconf 37' lang='lat' dir='ltr'>ess-sevo</span> <span class='ocrx_word' id='word_1_269' title='bbox 512 1975 542 2006; x_wconf 68' lang='lat' dir='ltr'>Cr</span> <span class='ocrx_word' id='word_1_270' title='bbox 563 1978 662 2007; x_wconf 81' lang='lat' dir='ltr'>cinere.</span> <span class='ocrx_word' id='word_1_271' title='bbox 688 1977 921 2017; x_wconf 79' lang='lat' dir='ltr'>Optimusfagino</span> <span class='ocrx_word' id='word_1_272' title='bbox 943 1977 974 2007; x_wconf 68' lang='lat' dir='ltr'>Cr*</span> <span class='ocrx_word' id='word_1_273' title='bbox 994 1988 1043 2007; x_wconf 88' lang='lat' dir='ltr'>ca·</span> <span class='ocrx_word' id='word_1_274' title='bbox 1081 1978 1143 2014; x_wconf 89' lang='lat' dir='ltr'>IV,</span> <span class='ocrx_word' id='word_1_275' title='bbox 1157 1986 1223 2015; x_wconf 84' lang='lat' dir='ltr'>pag.</span> <span class='ocrx_word' id='word_1_276' title='bbox 1240 1986 1306 2015; x_wconf 87' lang='lat'><em>552.</em></span> <span class='ocrx_word' id='word_1_277' title='bbox 1326 1976 1365 2005; x_wconf 87' lang='lat' dir='ltr'>Et</span> <span class='ocrx_word' id='word_1_278' title='bbox 1380 1977 1462 2006; x_wconf 71' lang='lat' dir='ltr'>certe</span> <span class='ocrx_word' id='word_1_279' title='bbox 1480 1975 1514 2004; x_wconf 90' lang='lat' dir='ltr'>in</span> <span class='ocrx_word' id='word_1_280' title='bbox 1527 1974 1677 2013; x_wconf 88' lang='lat' dir='ltr'>Pompeio</span> <span class='ocrx_word' id='word_1_281' title='bbox 1689 1974 1754 2003; x_wconf 88' lang='lat' dir='ltr'>mi-</span> 
     </span>
     <span class='ocr_line' id='line_1_39' title="bbox 365 2013 1753 2056; baseline 0 -14"><span class='ocrx_word' id='word_1_282' title='bbox 365 2023 445 2050; x_wconf 72' lang='lat' dir='ltr'>prmo</span> <span class='ocrx_word' id='word_1_283' title='bbox 460 2039 469 2052; x_wconf 91' lang='lat'>‚</span> <span class='ocrx_word' id='word_1_284' title='bbox 495 2015 596 2045; x_wconf 75' lang='lat' dir='ltr'>duobus</span> <span class='ocrx_word' id='word_1_285' title='bbox 609 2016 694 2046; x_wconf 77' lang='lat' dir='ltr'>modis</span> <span class='ocrx_word' id='word_1_286' title='bbox 711 2017 830 2056; x_wconf 70' lang='lat' dir='ltr'>,spiffizs</span> <span class='ocrx_word' id='word_1_287' title='bbox 845 2028 879 2046; x_wconf 85' lang='lat' dir='ltr'>ac</span> <span class='ocrx_word' id='word_1_288' title='bbox 900 2017 1017 2056; x_wconf 81' lang='lat' dir='ltr'>liquidus</span> <span class='ocrx_word' id='word_1_289' title='bbox 1033 2030 1042 2045; x_wconf 90' lang='lat'>.·</span> <span class='ocrx_word' id='word_1_290' title='bbox 1082 2026 1137 2046; x_wconf 87' lang='lat' dir='ltr'>nus</span> <span class='ocrx_word' id='word_1_291' title='bbox 1167 2015 1227 2046; x_wconf 85' lang='lat' dir='ltr'>fuit</span> <span class='ocrx_word' id='word_1_292' title='bbox 1252 2015 1381 2046; x_wconf 78' lang='lat' dir='ltr'>luxuriae</span> <span class='ocrx_word' id='word_1_293' title='bbox 1396 2038 1405 2051; x_wconf 89' lang='lat'><strong><em>‚</em></strong></span> <span class='ocrx_word' id='word_1_294' title='bbox 1429 2015 1521 2054; x_wconf 75' lang='lat' dir='ltr'>quam</span> <span class='ocrx_word' id='word_1_295' title='bbox 1538 2014 1572 2044; x_wconf 87' lang='lat' dir='ltr'>in</span> <span class='ocrx_word' id='word_1_296' title='bbox 1585 2013 1664 2044; x_wconf 84' lang='lat' dir='ltr'>Caio</span> <span class='ocrx_word' id='word_1_297' title='bbox 1677 2036 1686 2049; x_wconf 90' lang='lat'><em>‚</em></span> <span class='ocrx_word' id='word_1_298' title='bbox 1707 2013 1753 2051; x_wconf 85' lang='lat' dir='ltr'>qui</span> 
     </span>
     <span class='ocr_line' id='line_1_40' title="bbox 368 2051 1753 2095; baseline 0 -14"><span class='ocrx_word' id='word_1_299' title='bbox 368 2062 477 2092; x_wconf 74' lang='lat' dir='ltr'>uterque</span> <span class='ocrx_word' id='word_1_300' title='bbox 495 2055 566 2091; x_wconf 75' lang='lat' dir='ltr'>apud</span> <span class='ocrx_word' id='word_1_301' title='bbox 579 2056 733 2085; x_wconf 77' lang='lat' dir='ltr'>Germanos</span> <span class='ocrx_word' id='word_1_302' title='bbox 747 2057 850 2094; x_wconf 76' lang='lat' dir='ltr'>majore</span> <span class='ocrx_word' id='word_1_303' title='bbox 867 2057 894 2086; x_wconf 84' lang='lat' dir='ltr'>in</span> <span class='ocrx_word' id='word_1_304' title='bbox 914 2057 958 2095; x_wconf 67' lang='lat' dir='ltr'>ufir</span> <span class='ocrx_word' id='word_1_305' title='bbox 975 2057 1044 2085; x_wconf 77' lang='lat' dir='ltr'>viris</span> <span class='ocrx_word' id='word_1_306' title='bbox 1072 2056 1156 2094; x_wconf 78' lang='lat' dir='ltr'>super</span> <span class='ocrx_word' id='word_1_307' title='bbox 1171 2055 1260 2084; x_wconf 83' lang='lat' dir='ltr'>omnia</span> <span class='ocrx_word' id='word_1_308' title='bbox 1275 2054 1434 2089; x_wconf 81' lang='lat' dir='ltr'>muliebria,</span> <span class='ocrx_word' id='word_1_309' title='bbox 1450 2053 1575 2091; x_wconf 70' lang='lat' dir='ltr'>sscculos</span> <span class='ocrx_word' id='word_1_310' title='bbox 1595 2051 1725 2082; x_wconf 76' lang='lat' dir='ltr'>induebat</span> <span class='ocrx_word' id='word_1_311' title='bbox 1737 2062 1753 2081; x_wconf 89' lang='lat' dir='ltr'>e</span> 
     </span>
    </p>
   </div>
   <div class='ocr_carea' id='block_1_10' title="bbox 367 2093 1579 2134">
    <p class='ocr_par' dir='ltr' id='par_1_13' title="bbox 367 2093 1579 2134">
     <span class='ocr_line' id='line_1_41' title="bbox 367 2093 1579 2134; baseline 0.002 -14"><span class='ocrx_word' id='word_1_312' title='bbox 367 2093 576 2130; x_wconf 63' lang='lat' dir='ltr'>qusimfeminis.</span> <span class='ocrx_word' id='word_1_313' title='bbox 591 2095 671 2127; x_wconf 89' lang='lat' dir='ltr'>Vide</span> <span class='ocrx_word' id='word_1_314' title='bbox 685 2095 765 2126; x_wconf 71' lang='lat' dir='ltr'>infra</span> <span class='ocrx_word' id='word_1_315' title='bbox 780 2096 818 2126; x_wconf 91' lang='lat' dir='ltr'>de</span> <span class='ocrx_word' id='word_1_316' title='bbox 830 2095 946 2127; x_wconf 88' lang='lat' dir='ltr'>Morib.</span> <span class='ocrx_word' id='word_1_317' title='bbox 967 2097 1044 2127; x_wconf 88' lang='lat' dir='ltr'>Ger·</span> <span class='ocrx_word' id='word_1_318' title='bbox 1081 2094 1252 2134; x_wconf 76' lang='lat' dir='ltr'>margaritis.</span> <span class='ocrx_word' id='word_1_319' title='bbox 1276 2093 1354 2124; x_wconf 89' lang='lat' dir='ltr'>Plin.</span> <span class='ocrx_word' id='word_1_320' title='bbox 1365 2094 1533 2129; x_wconf 86' lang='lat' dir='ltr'>XXXVII,</span> <span class='ocrx_word' id='word_1_321' title='bbox 1550 2103 1579 2122; x_wconf 91' lang='lat'>2.</span> 
     </span>
    </p>
   </div>
   <div class='ocr_carea' id='block_1_11' title="bbox 366 2128 1751 2326">
    <p class='ocr_par' dir='ltr' id='par_1_14' title="bbox 366 2128 1751 2326">
     <span class='ocr_line' id='line_1_42' title="bbox 369 2128 1751 2171; baseline -0.001 -9"><span class='ocrx_word' id='word_1_322' title='bbox 369 2141 452 2162; x_wconf 86' lang='lat' dir='ltr'>man.</span> <span class='ocrx_word' id='word_1_323' title='bbox 479 2135 531 2163; x_wconf 88' lang='lat' dir='ltr'>IV.</span> <span class='ocrx_word' id='word_1_324' title='bbox 1123 2140 1130 2161; x_wconf 81' lang='lat'>5</span> <span class='ocrx_word' id='word_1_325' title='bbox 1156 2134 1359 2170; x_wconf 65' lang='lat' dir='ltr'>Lamounia]</span> <span class='ocrx_word' id='word_1_326' title='bbox 1384 2132 1562 2171; x_wconf 87' lang='lat' dir='ltr'>Legionum</span> <span class='ocrx_word' id='word_1_327' title='bbox 1578 2128 1751 2161; x_wconf 83' lang='lat' dir='ltr'>Germaniae</span> 
     </span>
     <span class='ocr_line' id='line_1_43' title="bbox 409 2172 1251 2211; baseline 0.004 -11"><span class='ocrx_word' id='word_1_328' title='bbox 409 2174 419 2187; x_wconf 84' lang='lat'><em>²</em></span> <span class='ocrx_word' id='word_1_329' title='bbox 443 2172 565 2202; x_wconf 41' lang='lat' dir='ltr'>Romam</span> <span class='ocrx_word' id='word_1_330' title='bbox 588 2175 733 2211; x_wconf 63' lang='lat' dir='ltr'>navam]</span> <span class='ocrx_word' id='word_1_331' title='bbox 759 2174 1022 2205; x_wconf 82' lang='lat' dir='ltr'>Sueton.loc.cit.</span> <span class='ocrx_word' id='word_1_332' title='bbox 1080 2173 1251 2204; x_wconf 83' lang='lat' dir='ltr'>inferioris.</span> 
     </span>
     <span class='ocr_line' id='line_1_44' title="bbox 407 2207 1751 2253; baseline -0.004 -12"><span class='ocrx_word' id='word_1_333' title='bbox 407 2214 417 2236; x_wconf 81' lang='lat'>³</span> <span class='ocrx_word' id='word_1_334' title='bbox 438 2211 578 2253; x_wconf 33' lang='lat' dir='ltr'>Spa-ipsit</span> <span class='ocrx_word' id='word_1_335' title='bbox 595 2223 631 2243; x_wconf 76' lang='lat' dir='ltr'>ET</span> <span class='ocrx_word' id='word_1_336' title='bbox 650 2214 1043 2250; x_wconf 73' lang='lat' dir='ltr'>PROCURATORIBUS]Sue-</span> <span class='ocrx_word' id='word_1_337' title='bbox 1119 2214 1133 2232; x_wconf 84' lang='lat'><strong><em>⁶</em></strong></span> <span class='ocrx_word' id='word_1_338' title='bbox 1154 2214 1241 2242; x_wconf 75' lang='grc' dir='ltr'>ΟιιΜ</span> <span class='ocrx_word' id='word_1_339' title='bbox 1263 2210 1496 2246; x_wconf 72' lang='lat' dir='ltr'>oBSEDaRANT]</span> <span class='ocrx_word' id='word_1_340' title='bbox 1528 2209 1574 2238; x_wconf 89' lang='lat' dir='ltr'>De</span> <span class='ocrx_word' id='word_1_341' title='bbox 1600 2207 1645 2238; x_wconf 88' lang='lat' dir='ltr'>his</span> <span class='ocrx_word' id='word_1_342' title='bbox 1664 2207 1751 2245; x_wconf 68' lang='lat' dir='ltr'>supra</span> 
     </span>
     <span class='ocr_line' id='line_1_45' title="bbox 366 2250 1698 2289; baseline 0 -10"><span class='ocrx_word' id='word_1_343' title='bbox 366 2255 435 2279; x_wconf 75' lang='lat' dir='ltr'>ton.</span> <span class='ocrx_word' id='word_1_344' title='bbox 457 2250 535 2279; x_wconf 79' lang='lat' dir='ltr'>1b1d.</span> <span class='ocrx_word' id='word_1_345' title='bbox 1079 2252 1237 2287; x_wconf 87' lang='lat' dir='ltr'>Annal.l‚</span> <span class='ocrx_word' id='word_1_346' title='bbox 1257 2261 1308 2288; x_wconf 87' lang='lat'>41.</span> <span class='ocrx_word' id='word_1_347' title='bbox 1600 2284 1606 2289; x_wconf 29' lang='lat'>²</span> <span class='ocrx_word' id='word_1_348' title='bbox 1693 2283 1698 2288; x_wconf 50' lang='grc'>,</span> 
     </span>
     <span class='ocr_line' id='line_1_46' title="bbox 405 2285 1751 2326; baseline -0.009 -1"><span class='ocrx_word' id='word_1_349' title='bbox 405 2293 420 2310; x_wconf 74' lang='lat'><strong>⁴</strong></span> <span class='ocrx_word' id='word_1_350' title='bbox 442 2289 613 2324; x_wconf 67' lang='lat' dir='ltr'><strong>NUMQUAM</strong></span> <span class='ocrx_word' id='word_1_351' title='bbox 634 2300 722 2319; x_wconf 70' lang='lat' dir='ltr'>Anus</span> <span class='ocrx_word' id='word_1_352' title='bbox 745 2294 889 2324; x_wconf 70' lang='lat' dir='ltr'>rurssm]</span> <span class='ocrx_word' id='word_1_353' title='bbox 910 2292 1040 2321; x_wconf 81' lang='lat' dir='ltr'>Sueton.</span> <span class='ocrx_word' id='word_1_354' title='bbox 1117 2296 1129 2315; x_wconf 92' lang='lat'><em>7</em></span> <span class='ocrx_word' id='word_1_355' title='bbox 1151 2289 1428 2326; x_wconf 75' lang='lat' dir='ltr'>PERSEVERARET]</span> <span class='ocrx_word' id='word_1_356' title='bbox 1453 2288 1580 2317; x_wconf 86' lang='lat' dir='ltr'>Sueton.</span> <span class='ocrx_word' id='word_1_357' title='bbox 1599 2294 1632 2315; x_wconf 81' lang='lat' dir='ltr'>in</span> <span class='ocrx_word' id='word_1_358' title='bbox 1644 2285 1723 2315; x_wconf 77' lang='lat' dir='ltr'>Caio</span> <span class='ocrx_word' id='word_1_359' title='bbox 1738 2305 1751 2322; x_wconf 88' lang='lat'>,</span> 
     </span>
    </p>
   </div>
   <div class='ocr_carea' id='block_1_12' title="bbox 366 2325 1220 2368">
    <p class='ocr_par' dir='ltr' id='par_1_15' title="bbox 366 2325 1220 2368">
     <span class='ocr_line' id='line_1_47' title="bbox 366 2325 1220 2368; baseline 0.002 -12"><span class='ocrx_word' id='word_1_360' title='bbox 366 2325 444 2357; x_wconf 79' lang='lat' dir='ltr'>ibid.</span> <span class='ocrx_word' id='word_1_361' title='bbox 461 2328 535 2359; x_wconf 87' lang='lat' dir='ltr'>Inde</span> <span class='ocrx_word' id='word_1_362' title='bbox 550 2336 701 2367; x_wconf 81' lang='lat' dir='ltr'>quantum</span> <span class='ocrx_word' id='word_1_363' title='bbox 715 2339 811 2368; x_wconf 85' lang='lat' dir='ltr'>opum</span> <span class='ocrx_word' id='word_1_364' title='bbox 825 2329 919 2360; x_wconf 85' lang='lat' dir='ltr'>fuerit</span> <span class='ocrx_word' id='word_1_365' title='bbox 934 2335 1062 2368; x_wconf 80' lang='lat' dir='ltr'>corta-1</span> <span class='ocrx_word' id='word_1_366' title='bbox 1078 2330 1220 2360; x_wconf 86' lang='lat' dir='ltr'>XLVIII.</span> 
     </span>
    </p>
   </div>
   <div class='ocr_carea' id='block_1_13' title="bbox 1789 754 1842 781">
    <p class='ocr_par' dir='ltr' id='par_1_16' title="bbox 1789 754 1842 781">
     <span class='ocr_line' id='line_1_48' title="bbox 1789 754 1842 781; baseline 0.038 -2"><span class='ocrx_word' id='word_1_367' title='bbox 1789 754 1842 781; x_wconf 90' lang='lat'>10</span> 
     </span>
    </p>
   </div>
   <div class='ocr_carea' id='block_1_14' title="bbox 1791 1062 1838 1103">
    <p class='ocr_par' dir='ltr' id='par_1_17' title="bbox 1791 1062 1838 1103">
     <span class='ocr_line' id='line_1_49' title="bbox 1791 1062 1838 1103; baseline 0 0"><span class='ocrx_word' id='word_1_368' title='bbox 1791 1062 1838 1103; x_wconf 86' lang='lat'>¹5</span> 
     </span>
    </p>
   </div>
   <div class='ocr_carea' id='block_1_15' title="bbox 1782 1381 1841 1409">
    <p class='ocr_par' dir='ltr' id='par_1_18' title="bbox 1782 1381 1841 1409">
     <span class='ocr_line' id='line_1_50' title="bbox 1782 1381 1841 1409; baseline 0.034 -2"><span class='ocrx_word' id='word_1_369' title='bbox 1782 1381 1841 1409; x_wconf 87' lang='lat'>20</span> 
     </span>
    </p>
   </div>
  </div>
 </body>
</html>
