1952 2708
548 136 1177 180 CHRONOLOGICA.
1464 152 1554 191 457

169 217 396 254 hereditates.
409 214 583 250 Acerbit‘is
594 213 712 248 adhuc
725 213 895 261 agebatur
909 213 1011 249 fiscus
1026 215 1193 251 Judaicus
1211 215 1220 232 ¹
1232 229 1244 259 3
1260 215 1554 267 deferebaturque

172 268 386 316 quicumque
398 291 408 307 ,
425 263 484 300 vel
498 262 718 311 improfess'us
733 264 745 277 ²
763 290 772 306 ,
801 261 986 298 Judaicam
1011 264 1104 299 intra
1116 264 1251 301 Urbem
1264 266 1403 303 viveret
1416 267 1527 303 vitam
1540 294 1552 311 ,

170 316 229 352 vel
250 313 459 350 distimulata
479 313 619 362 origine
636 341 645 356 ‚
676 311 842 361 imposita
861 313 961 362 genti
978 313 1111 349 tributa
1124 326 1200 350 non
1224 316 1455 363 pependiffet.
1472 317 1553 353 Nee

169 364 409 400 abstinebatur
432 363 661 400 contumeliis
676 390 686 406 ,
713 373 753 398 ut
775 362 1008 410 inspiceretur
1035 376 1080 399 an
1097 363 1174 413 quis
1190 363 1272 400 esset
1295 364 1553 403 circumseeus.

168 413 241 450 His
262 414 409 463 quidem
433 412 681 450 atrocitatibus
700 424 843 448 crevere
867 425 955 460 opes
971 413 1157 461 Principis.
1195 414 1246 449 At
1269 414 1376 450 militi
1403 428 1479 451 non
1502 429 1555 453 re·-

170 463 283 499 dierat
310 464 432 500 virtus.
459 463 678 513 Ambiguum
696 462 834 510 semper
850 489 860 505 ,
889 473 948 498 aut
962 462 1134 499 funestum
1156 476 1237 498 cum
1254 463 1364 500 Dacis
1383 463 1517 501 bellum
1544 480 1554 502 :

168 512 334 550 invalido
357 514 524 550 adversus
538 513 692 550 hostium
705 512 877 548 ferociam
891 539 899 555 ,
921 512 1092 562 ducisque
1108 524 1197 548 artes
1213 540 1222 555 ,
1240 512 1368 561 Oppio
1384 514 1554 559 Sabino³,

171 564 233 613 qui
248 574 324 599 tum
341 564 503 600 Moesiam
525 563 680 613 regebat.
698 562 748 597 Ni
768 562 838 598 fors
851 562 988 598 faviffet
1001 591 1010 606 ,
1035 572 1132 598 certa
1147 574 1292 611 quoque
1312 563 1432 600 Flacci
1448 594 1457 608 ,
1481 565 1555 600 Nu-

170 613 291 649 midiae
306 614 470 662 praetoris
482 643 491 658 ,
510 613 622 648 ruina.
638 612 860 648 Nasamones
876 614 904 654 4,
918 612 1017 661 quod
1032 612 1171 648 tributis
1187 623 1438 657 attererentur,
1458 627 1554 650 arma

172 674 339 711 ceperant
353 693 364 709 ,
381 663 639 712 quaestoresque
655 662 917 698 interfecerant.
944 663 1040 698 Dein
1056 662 1224 699 Flaccum
1245 662 1389 711 aggressi
1403 690 1411 705 ‚
1439 676 1556 712 eoque

169 713 336 760 superato
349 741 359 756 ,
377 713 494 749 castris
509 713 642 762 potiti,
658 712 752 748 forte
767 711 819 747 ibi
833 723 959 759 praeter
972 713 1105 749 cibaria
1121 713 1198 748 vini
1214 713 1358 760 copiam
1371 725 1531 761 reperere
1546 739 1556 755 ‚

170 762 242 811 qua⁴
257 763 465 812 ingurgitati
483 775 524 799 ac
542 762 749 804 temulenti,
774 775 793 797 a
813 761 947 798 Flacco
971 762 1220 800 internecione
1243 762 1352 798 deleti
1368 762 1459 798 sunt.
1473 762 1557 798 For-

170 812 298 848 tuitam
320 813 505 849 victoriam
520 813 597 849 suas
609 812 644 847 in
655 811 776 848 laudes
786 811 1019 850 Domitianus
1037 813 1145 850 traxit
1159 841 1168 857 ‚
1192 812 1365 863 gloriatus
1384 812 1422 848 in
1433 812 1555 851 senatu

174 880 195 894 e:
210 863 244 900 se
258 862 520 901 Nasamonibus
535 863 612 900 vita
630 861 846 899 interdixisse
866 863 874 882 ⁵
890 880 925 898 ²>-

523 957 659 992 ANNUs
673 956 718 992 U.
736 955 780 991 C.
801 966 977 991 Deccxti.
1023 959 1056 992 J.
1075 958 1109 990 C.
1134 955 1194 990 88.

224 1046 444 1083 Domitiano
460 1046 622 1096 Augusto
635 1045 720 1082 XIV
732 1074 740 1089 ,
765 1046 804 1082 L.
819 1046 986 1082 Minucio
1003 1044 1096 1081 Rufo
1111 1043 1328 1080 consulibus.
1344 1043 1443 1092 Opes
1455 1043 1557 1080 Prin-

172 1096 282 1145 cipis,
311 1097 528 1145 privatarum
542 1097 767 1132 fortunarum
781 1095 1067 1132 subversionibus
1088 1105 1258 1143 reparatae
1275 1122 1283 1137 ‚
1306 1094 1343 1128 in
1361 1094 1559 1142 speciacula.

170 1146 286 1182 statim
306 1147 385 1182 sunt
399 1146 566 1195 impensae
586 1160 595 1182 ε
613 1145 740 1194 quibus
755 1157 793 1181 ut
808 1145 886 1194 plus
901 1144 1118 1182 celebritatis
1133 1145 1226 1180 foret
1244 1172 1252 1187 ‚
1271 1143 1359 1180 editi
1375 1143 1559 1180 saeculares

169 1196 298 1239 ludi⁶3
323 1197 533 1244 computata
563 1197 704 1233 ratione
732 1206 935 1245 temporum
964 1196 1009 1232 ab
1034 1208 1131 1231 anno
1149 1223 1158 1237 ‚
1188 1207 1264 1230 non
1288 1206 1362 1243 quo
1383 1193 1558 1229 Claudius

171 1246 337 1295 proxime
351 1273 359 1288 ‚
375 1246 435 1282 sed
451 1259 525 1296 quo
544 1246 632 1283 olim
649 1246 828 1296 Augustus
849 1259 910 1283 eos
924 1245 1084 1282 ediderat
1097 1246 1123 1280 ⁷.
1141 1244 1258 1280 Immo
1274 1247 1306 1279 ὃς
1322 1243 1558 1292 anticipatum

171 1306 312 1345 ternpus
326 1297 336 1314 ⁸
352 1324 362 1340 ‚
383 1309 427 1332 ne
441 1296 574 1332 lentior
593 1296 731 1332 veniret
754 1296 933 1344 voluptas.
964 1296 1062 1332 Urbe
1081 1294 1217 1344 gaudio
1236 1294 1329 1343 vaga
1354 1321 1363 1336 ‚
1396 1293 1559 1330 auditum

172 1345 221 1383 est
234 1346 421 1382 hominem
443 1347 587 1383 incertae
616 1346 840 1382 conditionis
855 1348 867 1365 ⁹
896 1347 932 1382 in
953 1345 1105 1382 Oriente
1129 1343 1265 1387 videri,
1290 1342 1351 1392 qui
1375 1343 1410 1379 se
1436 1345 1558 1379 Nero—

171 1409 254 1432 nem
269 1396 334 1432 effe
352 1397 519 1444 jastaret3
545 1409 697 1446 eumque
715 1397 830 1444 gratia
851 1396 1052 1445 opibusque
1070 1394 1285 1430 Parthorum
1307 1392 1385 1428 niti.
1405 1392 1473 1429 Seu
1490 1393 1559 1428 im-

172 1446 310 1482 minuta
324 1446 479 1482 Romani
498 1446 655 1482 nominis
670 1447 878 1482 auctoritate
890 1475 898 1490 ‚
913 1446 972 1483 seu
989 1444 1169 1482 infestiore
1186 1443 1400 1479 Parthorum
1415 1444 1559 1486 animo,

173 1499 207 1532 ὃς
221 1496 417 1544 praevalida
429 1508 549 1533 vetere
568 1495 605 1531 in
619 1496 803 1532 Neronem
814 1496 1091 1539 benevolentia,
1111 1493 1338 1530 mendacium
1356 1520 1365 1536 ‚
1386 1492 1470 1528 alias
1487 1494 1558 1537 jam

172 1546 359 1595 vulgatum
376 1547 404 1562 ¹⁰
418 1574 428 1590 ,
447 1559 541 1596 aegre
555 1546 801 1594 compressum.
826 1546 876 1583 At
894 1547 920 1582 is
937 1546 1081 1582 tandem
1102 1543 1259 1580 redditus
1275 1542 1347 1585 est;
1365 1545 1398 1578 ὃς
1419 1541 1558 1579 sublata

172 1596 355 1631 turbarum
380 1597 540 1632 materia.
566 1596 756 1632 Tristiores
781 1609 801 1632 e
828 1596 991 1632 Danubii
1015 1596 1091 1644 ripa
1106 1606 1234 1630 venere
1252 1592 1379 1628 nuntii.
1400 1591 1559 1640 Diurpa-

172 1658 258 1681 neus
270 1674 280 1689 ,
298 1645 390 1681 ctefis
408 1645 614 1695 legionibus
628 1675 638 1687 ,
658 1646 820 1694 Oppium
836 1646 1004 1682 Sabinum
1018 1673 1026 1687 ‚
1046 1644 1271 1681 consularem
1286 1671 1295 1686 ‚
1317 1641 1556 1690 oppresserat3

173 1696 316 1745 ejusque
335 1706 442 1743 caput
462 1696 559 1731 foede
586 1696 771 1731 absciffum
796 1696 821 1711 ¹¹
844 1696 940 1744 apud
970 1695 1140 1730 barbaros
1165 1692 1318 1729 ostentui
1346 1691 1557 1729 habebatur.

170 1743 358 1782 Penetrata
372 1745 455 1782 inde
471 1745 664 1795 provincia
681 1774 691 1790 ,
709 1745 938 1796 Diurpaneus
959 1745 1098 1782 castella
1114 1743 1288 1793 urbesque
1303 1741 1532 1791 expugnabat
1545 1770 1557 1787 ‚

211 1867 218 1878 ¹
239 1859 349 1887 Fiscus
368 1860 523 1892 Junmcus
545 1864 554 1892 ]
578 1859 693 1887 Sueton.
722 1860 776 1887 loc.
797 1861 845 1887 cir.

173 1893 275 1932 l‘ntjter
287 1894 394 1922 censum
406 1916 413 1925 ‚
427 1896 514 1928 Judsei
525 1916 531 1926 ,
543 1896 630 1929 captis
640 1895 846 1929 Hierosolymis,

174 1930 233 1961 jusit
247 1932 353 1956 ruerant
372 1931 453 1957 binos
472 1931 598 1958 denarios
612 1930 714 1957 solvere
730 1939 737 1959 ;
752 1939 779 1957 ut
792 1931 846 1962 jam

174 1964 294 1990 diximus
315 1964 389 1996 supra
407 1965 490 1992 Torn.
508 1966 563 1992 111.
582 1965 611 1992 in
632 1964 793 1998 Appendice
811 1965 847 1992 ad

172 1998 355 2026 Historiarum
368 1999 466 2027 librum
480 1999 507 2027 V
518 2020 527 2031 ,
552 2009 595 2035 43.

210 2040 220 2052 ²
242 2034 477 2073 IMPaoressus]
508 2035 566 2069 Qui
586 2034 658 2068 apud
676 2033 769 2062 fiscum
789 2044 845 2062 non

177 2077 234 2128 ⁶‘3‘
243 2068 631 2135 opss‘issiefflusffiffsssseffflftffsss
638 2104 666 2130 1„
677 2104 845 2131 Domavr.

173 2137 329 2170 Jornandes
341 2158 348 2168 ‚
361 2139 391 2165 de
408 2138 492 2166 Rebus
507 2139 610 2165 Geticis
624 2159 631 2169 ,
644 2148 703 2171 cap.
722 2148 750 2173 13
761 2159 770 2170 ‚
783 2149 845 2166 cum

172 2175 291 2212 appellat
302 2173 451 2207 Poppaeum
471 2173 623 2203 Sabinum,
642 2173 769 2208 Agrippa:
789 2173 847 2201 suc-

172 2209 312 2236 cessorem.

206 2250 227 2283 4.
237 2244 440 2284 Nasamones]
452 2244 545 2278 Libyae
557 2244 648 2278 populi
663 2244 691 2271 in
702 2243 749 2271 0ῐὲ
761 2243 846 2278 Syrtis

174 2286 284 2310 majoris
295 2298 303 2308 ‚
319 2288 391 2305 nunc
411 2281 530 2313 laSyrte.

210 2319 218 2336 5
240 2313 459 2352 lnrmzmxrsse
480 2318 488 2345 ]
517 2315 583 2342 Haec
597 2315 692 2341 omnia
713 2313 747 2341 de
761 2313 847 2341 Nasa-

174 2347 305 2374 monibus
316 2347 441 2376 Zonaras
452 2369 460 2378 ,
473 2349 556 2377 Tom.
572 2349 585 2376 I
598 2370 605 2378 ‚
617 2359 679 2383 pag.
697 2351 755 2381 580.

209 2383 220 2400 ⁶
241 2381 425 2411 Sfficumnas
454 2392 527 2411 tum
545 2388 555 2416 ]
577 2383 724 2413 Conspi-in.
745 2383 776 2412 de
793 2383 847 2412 Die

299 2429 421 2480 Tom.
452 2432 547 2483 IV.

886 1860 992 1889 natali,
1018 1868 1077 1892 cap.
1096 1867 1136 1890 17.
1442 1889 1447 1896 .

924 1902 933 1918 7
956 1896 1148 1924 Emornm]
1174 1893 1286 1919 Sucron.
1313 1891 1341 1917 in
1361 1890 1472 1917 Domit.
1502 1889 1557 1919 IV.

887 1929 1010 1964 Quintos
1030 1928 1167 1956 saeculares
1185 1927 1264 1954 ludos
1280 1924 1402 1953 ediderat
1420 1925 1558 1959 Augustus

885 1975 959 1992 anno
982 1965 1018 1992 U.
1033 1964 1071 1991 C.
1093 1970 1285 1991 Dccxxxvn.
1313 1960 1400 1988 sextos
1424 1960 1559 1987 Claudius

886 2010 959 2028 anno
984 1999 1020 2027 U.
1036 1998 1073 2026 C.
1097 2007 1185 2026 Dccc.
1216 1997 1290 2024 Vide
1315 1998 1370 2029 jam
1389 1995 1464 2022 dicta
1483 1994 1559 2029 supra

886 2036 991 2062 Annal.
1010 2035 1074 2063 XI,
1103 2043 1143 2061 11.

923 2074 932 2090 2
956 2070 1179 2097 Aur1c1rATUM
1200 2069 1340 2097 TEMPus]
1365 2064 1435 2092 Ludi
1450 2064 1559 2092 saecula·

885 2114 926 2132 res
937 2104 1039 2132 fiebant
1051 2113 1125 2130 anno
1146 2102 1295 2129 centesimo
1312 2100 1430 2139 decimo,
1445 2101 1480 2126 Ni
1497 2100 1559 2126 Do-

886 2141 1018 2167 mitianus
1036 2137 1205 2171 anticipasset
1223 2145 1328 2168 tempus
1343 2155 1350 2165 ‚
1371 2135 1437 2163 raeti
1450 2137 1558 2163 tantum

886 2174 993 2202 fuissent
1006 2184 1080 2202 anno
1096 2172 1132 2200 U.
1147 2171 1184 2198 C.
1201 2178 1384 2199 ncchLvri.

921 2219 931 2235 ⁹
953 2211 1097 2237 hictum
1127 2208 1358 2237 CONDlTJONIS]
1384 2204 1499 2232 Sueton.
1529 2205 1557 2232 in

886 2244 955 2272 Ner.
971 2244 1064 2271 LVII.

924 2283 948 2297 ¹⁰
968 2278 1029 2310 JAM
1052 2279 1253 2307 VULGATUM]
1277 2275 1352 2303 Vide
1371 2274 1441 2302 Hist.
1464 2275 1509 2304 ΙΙ,
1531 2277 1556 2302 8.

887 2317 914 2341 &
926 2315 1000 2347 supra
1012 2313 1046 2340 ad
1054 2322 1157 2340 annum
1166 2311 1203 2339 U.
1216 2310 1253 2338 C.
1266 2318 1463 2338 Dcccxxxiv.

924 2357 945 2369 ¹¹
972 2350 1053 2376 Furor-2
1074 2355 1243 2375 Asssmssum
1270 2349 1279 2378 ]
1320 2344 1474 2378 jornandes
1497 2364 1504 2374 .
1527 2343 1559 2373 de

887 2384 970 2412 Rebus
985 2383 1105 2413 Geticis,
1128 2392 1188 2417 cap.
1202 2391 1240 2417 13.

1222 2433 1270 2473 M
1281 2446 1318 2471 m
1329 2446 1369 2471 m
