1952 2708
391 170 731 213 DIALOGus
766 170 849 211 DE
889 170 1326 218 ORATORIBUS.
1476 187 1558 228 155

173 249 315 302 malis,
351 251 400 292 de
428 251 594 291 honesto
622 265 669 291 ac
697 251 830 306 turpi,
873 251 922 291 de
950 250 1051 303 justo
1083 258 1123 292 ὃς
1150 254 1292 305 injusto
1323 252 1557 312 disputatur.

171 317 272 357 Haec
293 315 401 354 enim
430 315 483 354 est
507 315 655 355 oratori
680 312 852 367 subje6la
878 314 926 355 ad
946 314 1163 355 dicendum
1186 321 1361 359 materia.
1383 321 1490 361 Nam
1515 322 1557 362 in

169 376 331 431 judiciis
355 377 438 418 fere
461 378 510 418 de
534 379 714 433 aequitate
729 407 742 427 ,
764 379 806 418 in
826 377 1181 419 deliberationibus
1201 379 1249 419 de
1273 381 1475 424 honestate
1497 384 1556 424 di-

171 441 328 492 cimus,
355 442 410 482 ita
443 455 487 482 ut
522 441 756 498 plerumque
783 442 867 482 haec
900 442 984 497 ipsa
1014 443 1189 482 invicem
1218 443 1478 485 misceantur:
1506 447 1556 487 de

118 507 142 547 5
169 503 312 558 quibus
335 505 529 561 copiose,
558 510 598 546 ὃς
621 505 729 546 varie
744 534 757 555 ,
782 509 823 546 &
848 504 988 546 ornate
1010 519 1130 545 nemo
1153 505 1285 545 dicere
1308 509 1462 561 potest,
1486 510 1554 548 nisi

168 569 237 622 qui
262 570 459 623 cognovit
486 581 665 609 naturam
687 569 929 619 humanam,
959 573 1000 609 &
1023 570 1105 609 vim
1134 569 1327 609 virtutum
1341 598 1353 618 ,
1381 572 1554 624 pravita-

167 644 330 685 temque
351 633 570 682 vitiorum,
598 636 640 672 ὅ(
664 631 912 672 intellectum
940 647 1079 673 eorum
1095 661 1106 682 ,
1136 647 1219 686 quae
1244 647 1318 673 nec
1342 633 1382 671 in
1405 635 1555 675 virtuti-

168 692 240 735 bus
256 724 269 744 ,
296 710 425 749 neque
450 696 493 735 in
520 696 628 736 vitiis
663 709 933 736 numerantur.
959 695 1021 735 Ex
1047 697 1106 736 his
1132 694 1308 736 fontibus
1335 697 1456 735 etiam
1484 697 1554 738 illa

166 757 401 812 profluunt,
430 771 476 799 ut
501 757 657 799 facilius
685 759 782 799 iram
813 757 958 811 judicis
986 758 1052 799 vel
1083 759 1271 813 instiget,
1309 758 1375 798 vel
1401 757 1554 809 leniat,

94 832 143 860 10
168 821 235 873 qui
269 821 343 861 scit
365 821 460 875 quid
493 822 576 869 ira3
603 823 825 878 promptius
851 822 898 863 ad
926 822 1220 863 miserationem
1246 820 1453 877 impellat,
1488 824 1557 875 qui

167 883 242 923 scit
265 884 359 937 quid
385 885 429 924 fit
457 885 753 936 misericordia,
783 890 823 926 ὅ(
849 885 990 939 quibus
1019 887 1141 926 animi
1168 885 1343 926 motibus
1373 886 1555 926 concite-

146 960 243 994 ιιῑιιικ
266 947 313 987 In
336 949 396 988 his
416 948 563 989 artibus
595 954 604 970 ¹
635 948 1066 1003 exercitationibusque
1086 949 1263 990 versatus
1285 962 1419 989 orator
1434 978 1447 999 ,
1477 948 1555 989 five

167 1011 273 1065 apud
294 1011 477 1061 infestos,
506 1012 583 1052 five
608 1012 712 1068 apud
739 1013 934 1068 cupidos,
960 1013 1036 1053 five
1067 1012 1171 1068 apud
1195 1012 1447 1062 invidentes,
1476 1012 1554 1052 five

167 1072 274 1128 apud
298 1075 447 1124 tristes,
470 1074 548 1115 five
575 1075 680 1131 apud
704 1077 891 1116 timentes
915 1076 1132 1117 dicendum
1154 1074 1337 1115 habuerit
1354 1105 1365 1125 ,
1401 1075 1556 1116 tenebit

93 1137 140 1176 15
169 1135 342 1177 habenas
365 1139 612 1178 animorum:
642 1142 682 1178 &c
708 1152 827 1194 prout
851 1137 1041 1192 cujusque
1066 1152 1204 1179 natura
1225 1137 1464 1194 postulabit,
1493 1138 1556 1178 ad-

168 1198 323 1240 hibebit
350 1216 511 1242 manum
527 1231 539 1251 ,
567 1206 607 1242 &
634 1201 871 1257 temperabit
896 1204 1119 1242 orationem
1135 1231 1149 1251 ,
1176 1214 1312 1257 parato
1340 1203 1450 1241 omni
1476 1201 1557 1241 ins-

167 1274 399 1314 trumento,
429 1269 468 1305 ὃς
496 1265 544 1305 ad
571 1280 734 1305 omnem
755 1265 868 1304 usum
899 1266 1084 1321 reposito.
1110 1267 1212 1305 Sunt
1239 1264 1343 1321 apud
1365 1279 1462 1318 quos
1486 1263 1554 1305 ad-

165 1325 364 1376 striCtum,
392 1331 432 1367 ὅ(
459 1326 673 1368 εοΙΙεὲἶιιῐη
691 1358 704 1378 ,
732 1332 771 1368 &
799 1326 948 1383 singula
972 1329 1099 1369 statim
1128 1342 1362 1382 argumenta
1388 1326 1557 1368 conclu-

169 1387 267 1429 dens
294 1389 454 1431 dicendi
487 1405 637 1446 genus,
673 1389 761 1447 plus
797 1392 889 1433 fidei
928 1406 1121 1433 meretur:
1163 1391 1267 1447 apud
1304 1392 1376 1430 hos
1406 1390 1553 1431 dedisse

86 1460 143 1487 20
169 1466 331 1507 operam
364 1453 579 1495 dialefficae
615 1455 813 1510 proficiet.
846 1455 962 1497 Alios
996 1456 1109 1505 fusa,
1145 1459 1184 1495 ὃς
1222 1453 1406 1508 oequalis,
1436 1459 1476 1494 ὅ(
1505 1468 1556 1493 ex

169 1517 451 1558 communibus
479 1517 593 1558 duila
622 1517 791 1559 sensibus
830 1520 987 1570 oratio,
1020 1520 1146 1574 magis
1171 1517 1366 1559 deleetat:
1401 1518 1450 1557 ad
1478 1518 1552 1557 hos

168 1581 464 1634 permovendos
492 1581 761 1622 mutuabimur
786 1598 807 1623 a
830 1584 1103 1639 Peripateticis
1128 1586 1142 1602 ²
1168 1596 1280 1637 aptos
1297 1611 1310 1632 ,
1340 1584 1380 1621 ὅ(
1405 1582 1444 1620 in
1468 1595 1554 1620 om-
1584 1605 1593 1615 .

168 1657 262 1682 nem
287 1643 597 1699 disputationem
625 1659 781 1701 paratos
815 1644 895 1699 jam
919 1645 1034 1687 locos
1064 1651 1092 1686 ³.
1118 1645 1286 1686 Dabunt
1313 1643 1552 1684 Academici

167 1708 469 1760 pugnacitatem
507 1714 553 1759 4,
583 1708 697 1750 Plato
738 1708 1018 1760 altitudinem,
1052 1710 1290 1764 Xenophon
1326 1706 1556 1759 jucundita-

91 1773 142 1812 25
169 1781 276 1808 tem:
306 1785 356 1811 ne
378 1770 542 1827 Epicuri
570 1773 729 1826 quidem
750 1778 790 1814 ὃς
818 1774 1046 1814 Metrodori
1069 1774 1250 1813 honestas
1274 1770 1458 1825 quasdam
1484 1783 1554 1809 ex-

171 1829 430 1875 clamationes
458 1840 470 1867 5
494 1834 723 1888 adsumere,
746 1838 883 1892 hisque
898 1867 910 1889 ,
934 1850 1052 1894 prout
1076 1851 1135 1877 res
1155 1836 1294 1893 poscet
1309 1864 1322 1887 ,
1344 1834 1431 1885 uti,
1458 1831 1554 1874 alie-

214 1987 222 2000 ¹
247 1981 302 2012 Hrs
327 1986 483 2022 niu-inus]
522 1986 589 2015 Nec
616 1986 706 2016 aliter
732 1988 840 2018 Petro—
880 1989 1009 2021 demicis
1023 1990 1107 2021 enim
1128 1999 1184 2018 mos
1199 1989 1239 2020 est
1253 1989 1280 2018 in
1297 1995 1435 2023 utramque
1449 1992 1554 2021 partem

171 2020 241 2051 nius
257 2045 265 2057 ,
288 2021 319 2051 in
333 2023 472 2060 Satyrico
484 2047 492 2059 ,
510 2034 577 2062 cap.
602 2035 629 2064 5.
880 2029 1020 2070 diffi’rendi
1048 2040 1058 2064 ;
1083 2030 1170 2069 quod
1198 2028 1233 2058 ad
1261 2027 1482 2057 effrenationem
1501 2024 1554 2068 fo-

207 2068 267 2105 Mpx
277 2067 300 2091 (ν
311 2067 432 2106 Sofrariccj
440 2070 519 2107 plenus
529 2077 601 2102 grege
612 2088 618 2097 ‚
636 2070 713 2094 mittat
722 2071 821 2097 habenas
881 2069 992 2107 renfium
1014 2070 1153 2108 causarum
1165 2068 1286 2105 proxim&
1297 2065 1427 2097 accedit.
1450 2066 1554 2101 Qum-

205 2100 292 2128 Liber,
305 2101 329 2124 ἐν
340 2109 442 2133 ingenus
453 2109 539 2134 quartat
549 2103 707 2134 Demosthenis
720 2114 794 2130 arma.
881 2109 1007 2138 tilianug
1021 2132 1029 2143 ‚
1044 2108 1162 2146 Iustina,
1174 2107 1256 2137 Orar-
1267 2108 1321 2137 ΧΠ
1334 2130 1342 2142 ‚
1357 2117 1384 2135 2,
1403 2107 1555 2141 Quaenam

212 2147 222 2161 ²
255 2145 473 2176 Mummium<
518 2158 535 2176 A
566 2148 802 2179 mmmmm
829 2149 842 2185 ]
883 2148 1085 2186 philosophiae
1118 2147 1193 2178 secla
1216 2146 1309 2186 magis
1341 2145 1378 2181 ad
1397 2145 1554 2187 eloquen-

171 2183 253 2215 Vide
276 2185 376 2215 Notas
399 2186 434 2216 ὃς
457 2186 698 2218 Emendationes
723 2188 761 2218 ad
776 2198 842 2227 cap.
882 2188 955 2218 tiam
972 2187 1112 2218 conferat
1128 2187 1170 2216 ibi
1188 2185 1345 2225 expendit.
1374 2185 1554 2224 Penpareti-

174 2233 223 2261 3¹·
882 2237 949 2258 cam
971 2228 1005 2258 ὃς
1028 2227 1245 2257 Academicam
1262 2223 1475 2262 anteponebat
1497 2222 1556 2250 Cr*

189 2301 194 2306 .
214 2268 223 2288 3
245 2264 391 2294 Pinnos
416 2275 475 2296 ΗΜ
496 2266 615 2302 Locos]
634 2265 688 2295 His
710 2266 748 2296 de
764 2265 841 2296 locis
883 2277 955 2298 cero
971 2267 1041 2296 libr.
1055 2268 1094 2296 111
1110 2290 1118 2303 ,
1145 2267 1182 2296 de
1194 2268 1337 2296 Oratore.

174 2300 270 2332 hbros
286 2305 356 2333 octo
370 2304 564 2342 Topicorum
581 2305 679 2335 edidit
695 2305 843 2336 Aristotc-
924 2311 931 2332 5
957 2308 1120 2337 HONESTAS
1148 2315 1296 2341 QUASDAM
1331 2309 1554 2348 εκειΑΜΑτῐρ-

176 2340 238 2383 Ῑθξ,
255 2342 527 2381 Peripateticorum
542 2344 693 2384 princeps.
717 2345 796 2376 Vide
811 2347 844 2376 &
885 2356 936 2375 urs
960 2351 970 2381 ]
1004 2345 1252 2376 Exclamationes
1285 2343 1352 2373 illas
1377 2345 1557 2383 dvanpofjngw-

176 2380 383 2418 Ciceronem,
406 2383 519 2422 Topic.
540 2394 606 2422 cap.
627 2395 636 2414 ι
657 2385 690 2415 ὃ(
707 2395 735 2414 2.
882 2399 956 2422 ματα
989 2385 1040 2423 ἱερὰ
1063 2385 1238 2423 appellabat
1262 2382 1407 2421 Epicurus
1425 2404 1432 2414 ,
1461 2380 1558 2418 nique

216 2422 231 2442 4
250 2421 432 2454 Acmmncx
461 2434 706 2455 ΡυοΝΑειτΑτεΜ
726 2429 738 2459 ]
763 2425 845 2456 Aca-
883 2425 1037 2465 saepiffime
1062 2426 1216 2456 utebatur.
1239 2422 1388 2459 Exempla
1418 2415 1560 2456 sUFP0d¹“

1276 2485 1313 2523 ν
1343 2480 1368 2532 ij
