1952 2708
328 150 388 191 34
609 132 657 173 C.
725 129 1106 174 CORNELII
1170 128 1444 174 TACITI

325 219 458 259 fecere
484 222 494 238 ¹
511 243 523 264 ‚
550 214 618 267 qui
638 213 761 254 modo
785 212 928 269 hospes
951 213 1105 263 fuerat,
1130 214 1370 254 monstrator
1392 213 1557 270 hospitii
1583 217 1623 256 ὅ(
1647 229 1714 256 co-

326 295 436 329 mes,
469 278 693 334 proximam
726 276 892 317 domum
918 292 1001 318 non
1032 278 1192 317 invitati
1219 277 1389 318 adeunt:
1419 292 1494 319 nec
1528 280 1712 320 interest:

325 343 409 399 pari
439 342 686 382 humanitate
718 342 984 397 accipiuntur.
1013 342 1173 381 Notum
1200 341 1491 395 ignotumque,
1519 356 1715 394 quantum

324 406 373 447 ad
396 403 457 457 jus
484 404 676 461 hospitii,
705 419 825 445 nemo
846 405 1047 445 discernit.
1068 403 1248 444 Abeunt-i
1262 434 1273 454 ,
1297 404 1323 443 fi
1344 405 1438 457 quid
1459 405 1713 461 poposcerit,

326 468 552 511 concedere
571 469 717 509 moris:
748 473 787 509 ὅζ
809 467 1003 524 poscendi
1024 469 1202 508 invicem
1228 467 1368 508 eadem
1397 467 1584 509 facilitas,
1608 469 1715 508 Gau-

327 533 424 574 dent
443 531 696 573 muneribus:
724 531 791 573 sed
814 546 891 573 nec
910 531 1000 573 data
1019 532 1220 588 imputant
1246 535 1260 552 ²
1275 560 1288 582 ,
1319 545 1395 571 nec
1419 533 1596 587 acceptis
1616 531 1715 572 obli-

327 608 486 652 gantur.

388 659 544 700 XXII.
579 660 776 701 V1CTUs
812 659 916 699 inter
942 657 1121 715 hospites
1147 659 1288 700 comis.
1316 659 1460 699 Statim
1485 673 1506 699 e
1541 659 1716 709 somno,

327 737 446 777 quem
476 721 712 779 plerumque
739 724 780 763 in
807 722 913 763 diem
941 724 1186 773 extrahunt,
1213 721 1422 772 lavantur,
1453 723 1589 778 saepius
1616 720 1718 763 cali-

325 784 373 827 da
392 790 402 814 ³
418 815 432 837 ,
462 799 506 826 ut
531 787 634 843 apud
663 801 762 841 quos
789 785 1006 843 plurimum
1032 787 1159 828 hiems
1182 799 1369 843 occupat.
1396 785 1515 826 Lauti
1531 815 1545 837 ,
1580 785 1716 827 cibum

328 851 516 904 capiunt:
537 851 720 907 separata:
741 849 903 905 singulis
924 850 1032 891 sedes
1047 881 1060 902 ,
1089 854 1129 891 ὃς
1148 850 1215 890 sua
1231 851 1376 904 cuique
1398 849 1533 890 mensa
1560 854 1591 890 4.
1607 849 1717 890 Tum

327 912 376 953 ad
396 915 558 968 negotia
574 944 587 964 ,
613 928 689 955 nec
711 915 842 955 minus
866 914 963 970 saepe
987 914 1037 955 ad
1064 915 1253 955 convivia
1280 913 1507 970 procedunt
1531 913 1671 954 armati
1689 917 1719 955 5.

327 975 453 1017 Diem
481 979 719 1032 nofflemque
755 979 992 1019 continuare
1017 978 1196 1034 potando
1213 1008 1226 1029 ,
1257 976 1359 1017 nulli
1388 976 1591 1033 probrum.
1618 976 1720 1016 Cre-

326 1037 430 1090 brae‚
458 1053 502 1080 ut
526 1042 629 1082 inter
656 1039 888 1081 vinolentos
921 1043 1040 1091 rixae,
1069 1044 1157 1082 raro
1191 1042 1415 1091 conviciis,
1445 1040 1581 1096 saepius
1610 1039 1718 1080 caede

329 1105 370 1142 &
387 1102 618 1144 vulneribus
639 1103 656 1125 ⁶
673 1104 952 1157 transiguntur.
974 1104 1054 1144 Sed
1075 1109 1115 1144 ὃ(
1137 1105 1185 1145 de
1205 1103 1517 1145 reconciliandis
1539 1104 1717 1144 invicem

326 1165 501 1207 inimicis
516 1196 529 1216 ,
559 1171 599 1207 &
619 1165 834 1221 jungendis
856 1166 1124 1208 adfinitatibus
1140 1197 1152 1217 ,
1181 1171 1221 1207 ὃς
1244 1167 1510 1207 adsciscendis
1532 1167 1721 1223 principi-

329 1226 428 1279 bus,
460 1229 508 1269 de
531 1245 630 1286 pace
656 1230 830 1283 denique
854 1245 900 1270 ac
922 1229 1032 1270 bello
1058 1229 1295 1286 plerumque
1320 1231 1361 1268 in
1391 1231 1590 1271 conviviis
1620 1245 1722 1270 con-

325 1290 475 1332 sultant
497 1297 534 1332 ⁷:
559 1306 762 1346 tamquam
785 1291 899 1333 nullo
918 1294 1043 1347 magis
1066 1305 1248 1348 tempore
1271 1305 1338 1333 aut
1360 1293 1406 1333 ad
1434 1292 1632 1348 simplices
1654 1307 1721 1334 co-

327 1355 542 1408 gitationes
561 1369 694 1411 pateat
715 1356 869 1395 animus
884 1386 896 1406 ‚
918 1361 984 1397 'aut
1004 1356 1053 1396 ad
1074 1371 1237 1411 magnas
1254 1355 1486 1397 incalescat.
1504 1357 1615 1396 Gens
1635 1371 1719 1396 non

328 1418 476 1471 astuta,
502 1434 579 1459 nec
609 1417 780 1470 callida,
808 1421 934 1476 aperit
972 1420 1104 1462 adhuc
1138 1420 1288 1461 secreta
1319 1420 1517 1476 pefiloris,
1550 1415 1718 1460 licentia

329 1555 449 1586 homines
470 1567 522 1586 non
539 1557 642 1588 habiret
662 1559 899 1598 aufforsceleris;
917 1558 946 1588 ὓ
958 1559 1002 1598 qui

437 1595 464 1601 Η
1085 1566 1093 1587 5
1118 1562 1305 1591 Pnocrmmr
1330 1559 1486 1596 ARMATI]
1515 1559 1562 1589 De
1585 1558 1647 1589 hoc
1664 1559 1720 1590 usu

329 1596 354 1625 ei
372 1596 509 1631 hopmum
528 1596 632 1626 dederit
650 1622 659 1635 ‚
687 1608 830 1638 antequam
841 1599 1003 1636 parentibus

1043 1599 1103 1637 jam
1122 1600 1237 1630 dietum
1252 1599 1337 1639 supra
1349 1609 1414 1638 cap.
1430 1609 1476 1636 13.

318 1634 502 1678 ‚siz‘iff-izciat,
520 1646 572 1666 Dc.
585 1636 647 1667 den.
659 1638 910 1678 quisaczuntfialid.
927 1649 946 1667 x
961 1649 979 1668 V
990 1663 998 1675 ‚

329 1674 458 1718 ¹Gallicae
479 1685 615 1707 monetae
642 1678 735 1709 libras
762 1682 837 1716 196,
859 1678 1003 1715 culpabilis

323 1713 472 1752 judicetur.

371 1759 379 1773 ¹
405 1754 479 1783 CUM
513 1766 670 1786 urucam:
695 1758 709 1794 J
749 1759 830 1787 Cilm
861 1758 1002 1790 defecere

330 1793 426 1836 epulae
437 1816 452 1837 ‚-
463 1795 514 1823 vel
530 1797 601 1824 ciim
616 1796 695 1825 nihil
707 1797 864 1834 epularum
879 1798 1003 1837 superfit

330 1841 359 1861 er
370 1856 378 1867 ‚
401 1842 455 1871 qui
469 1832 623 1872 hospitem
634 1845 802 1875 receperat.

344 1909 350 1915 Ἰ
369 1877 381 1890 2
405 1872 474 1916 Νξε
499 1884 584 1904 DATA
604 1881 787 1910 IMPUTANT]
810 1877 878 1907 Ncc
892 1885 1002 1915 accep-

329 1917 367 1940 tis
389 1911 578 1955 obligantur.
594 1915 640 1943 En
660 1915 862 1946 barbarorum
881 1925 1004 1954 mores;

330 1960 368 1979 en
379 1958 459 1994 yma.
482 1951 553 1990 Ipfis
578 1964 674 1984 unum
690 1963 821 1993 votum,
840 1965 901 1986 una
916 1954 1005 1995 cogi—

329 1997 409 2020 tatio
423 2014 431 2026 ‚
457 2001 621 2022 UBERTAS.

370 2031 517 2073 {Sit-Pius
541 2035 681 2071 curm]
705 2033 935 2065 Canadenfibus
950 2045 1006 2073 po-

328 2068 408 2111 pulis
432 2069 529 2112 iisque
557 2071 738 2110 regionibus
755 2098 763 2110 ‚
787 2084 860 2113 quas
882 2074 1003 2112 gravius

326 2115 389 2137 urit
399 2107 516 2156 frigus,
531 2109 599 2141 sunt
615 2112 649 2143 ὃς
661 2112 847 2151 hypocausta
860 2137 868 2151 ‚
883 2113 1003 2145 Gallice

326 2145 375 2175 des
391 2157 492 2178 etuves.

367 2189 382 2209 4
402 2188 463 2217 Sua
489 2200 603 2225 cu1Qu13
626 2201 725 2220 MENSA
744 2193 758 2228 ]
781 2193 931 2231 Separatae
955 2193 1000 2223 se-

329 2225 401 2261 des,
427 2226 476 2256 sua
499 2229 612 2268 cuique
637 2230 741 2260 mensa
761 2254 769 2267 ,
789 2231 820 2260 id
843 2242 880 2262 ex
903 2233 1002 2266 veteri

328 2264 517 2308 populorum
530 2269 601 2304 usu,
625 2269 658 2299 &
670 2272 738 2299 ciim
752 2281 850 2301 vorax
862 2280 926 2302 erat
940 2271 1001 2303 ho—

328 2314 449 2334 minum
462 2316 567 2344 genus.
594 2308 681 2338 Idem
696 2309 797 2348 passim
813 2312 947 2350 reperire
962 2311 1002 2341 est

327 2344 409 2380 apud
430 2345 603 2377 Homerum
629 2349 808 2389 ceterosque
839 2350 894 2389 qui
921 2350 1002 2382 anti-

328 2392 407 2421 quos
424 2393 527 2417 mores
549 2387 743 2427 descripsere.

1082 1642 1094 1658 ⁶
1116 1640 1218 1669 CAEDE
1241 1651 1277 1670 ET
1303 1638 1524 1674 vumssmssus]
1546 1638 1719 1668 Cruentam

1043 1688 1169 1718 quoque
1183 1679 1216 1709 ὃ(
1230 1677 1357 1708 feralem
1371 1676 1598 1708 Canadenfium
1614 1676 1720 1707 ebrie-

1043 1726 1137 1748 tatem
1154 1717 1301 1757 exprimit
1315 1719 1345 1747 P.
1366 1718 1403 1747 de
1417 1716 1628 1751 Charlevoix‚
1655 1716 1719 1746 loc.

1044 1757 1098 1787 cit.
1118 1757 1213 1786 Lettre
1234 1758 1317 1788 VIII.
1339 1767 1405 1795 pag.
1438 1767 1504 1794 142.
1535 1756 1626 1794 Apud
1643 1756 1720 1798 Ger-

1043 1807 1153 1827 manos
1179 1797 1283 1827 severe
1303 1795 1473 1827 coercitam
1499 1794 1578 1824 hanc
1607 1804 1720 1825 convi-

1044 1836 1171 1867 viorum
1194 1835 1350 1866 feritatem
1373 1834 1542 1874 reperimus
1576 1833 1608 1862 in
1633 1835 1721 1873 Lege

1043 1875 1143 1906 Salica
1165 1899 1174 1913 ‚
1196 1875 1261 1905 Tit.
1290 1877 1402 1906 XLVI.
1435 1874 1484 1903 De
1504 1871 1668 1902 Homicidiis
1690 1874 1721 1902 irz

1045 1914 1168 1945 convivio
1181 1914 1278 1951 fizc‘h‘S.
1313 1915 1372 1954 leg.
1404 1924 1428 1943 1.
1460 1913 1494 1941 Si
1518 1913 1547 1942 in
1574 1912 1721 1951 convivio,

1045 1954 1088 1984 ubi
1107 1964 1221 1994 quatuor
1243 1962 1292 1983 aut
1317 1956 1430 1993 quinque
1445 1951 1553 1989 fuerint
1580 1951 1721 1989 homines,

1045 2005 1115 2023 imus
1140 2005 1174 2023 ex
1196 1992 1259 2032 ipsis
1277 1993 1433 2031 inter-sebius
1446 1992 1535 2029 fuerit
1554 2015 1563 2029 ‚
1601 1991 1647 2020 ille
1674 1990 1721 2030 qui

1045 2043 1167 2064 remanet
1199 2036 1210 2070 (
1227 2034 1259 2063 id
1283 2033 1322 2064 est
1335 2057 1344 2070 ,
1366 2032 1406 2062 illi
1424 2031 1468 2070 qui
1488 2033 1651 2069 remanent)
1671 2039 1722 2060 aut

1045 2085 1126 2103 unum
1140 2073 1288 2103 commum
1302 2071 1419 2102 reddant
1432 2094 1440 2107 ,
1462 2080 1511 2100 aut
1520 2080 1611 2099 omnes
1624 2070 1721 2099 mortis

1043 2113 1118 2143 illius
1131 2112 1341 2151 compcfitionem
1354 2110 1506 2145 comment,
1515 2119 1572 2148 quoe
1586 2108 1631 2137 Iex
1643 2109 1722 2148 usque

1044 2153 1080 2181 ad
1085 2153 1245 2192 st1⁷rem,qui
1246 2152 1355 2190 fuerint
1367 2151 1395 2179 in
1409 2148 1532 2178 convivio
1548 2147 1605 2186 illo,
1620 2158 1721 2179 conve-

1043 2193 1085 2221 nit
1103 2192 1251 2230 observare.

1082 2237 1095 2256 7
1120 2229 1358 2265 Consumitur]
1382 2228 1491 2259 Talem
1509 2227 1718 2258 consultatio-

1043 2282 1115 2301 nem
1131 2271 1205 2300 vide
1221 2269 1308 2307 supra
1322 2268 1396 2298 Hist.
1409 2269 1471 2303 IV,
1502 2278 1547 2306 14.
1572 2268 1640 2298 Nec
1662 2267 1717 2297 alii

1043 2308 1274 2339 Canadenfibus
1287 2308 1409 2346 populis
1422 2307 1618 2337 mores.vide
1632 2308 1661 2336 P.
1678 2307 1718 2336 de

1043 2348 1238 2380 Charlevoix
1250 2370 1261 2386 ‚
1279 2348 1341 2379 loc.
1358 2347 1411 2379 cit.
1431 2346 1527 2376 Lettre
1544 2347 1626 2378 XIV.
1649 2355 1719 2386 pag.

1042 2398 1114 2428 217.

1744 799 1796 826 10

1740 1433 1797 1458 20
