1952 2708
621 152 670 192 C.
742 147 1098 191 CORNLII
1174 146 1462 190 TACITI

356 236 500 279 debat3
524 231 710 289 speciosae
729 232 983 286 contigerant
1005 236 1014 253 ¹
1032 247 1039 271 :
1068 226 1149 270 filia
1168 243 1286 284 atque
1305 244 1433 271 uxore
1452 228 1746 286 superstitibus,

352 298 479 357 potest
503 296 630 337 videri
655 296 775 336 etiam
811 294 948 336 beatus
963 325 976 345 ,
1011 292 1209 335 incolumi
1231 294 1428 348 dignitate
1443 324 1456 344 ‚
1487 295 1658 335 florente
1682 294 1745 335 fa-

352 362 443 412 ma,
472 358 587 401 salvis
616 358 885 400 adfinitatibus
919 362 959 398 &
997 358 1182 398 amicitiis
1203 386 1216 407 ,
1252 356 1386 397 futura
1411 357 1604 412 effugisse.
1632 359 1744 398 Nam

353 426 467 467 sicuti
499 423 638 464 durare
668 424 709 463 in
736 424 812 464 hac
845 420 1051 462 beatiffimi
1081 418 1211 460 saeculi
1247 418 1340 460 luce
1365 423 1410 470 ²,
1440 435 1487 460 ac
1513 421 1742 476 Principem

353 487 573 540 Trajanum
597 485 731 527 videre
746 516 758 537 ‚
789 484 897 540 quod
924 484 1092 539 augurio
1119 482 1304 536 votisque
1328 487 1338 511 ³
1369 483 1476 538 apud
1502 484 1649 524 nostras
1672 498 1743 524 au-

353 568 413 594 res
443 550 717 592 ominabatur:
745 551 798 590 ita
827 548 1012 589 festinatae
1050 547 1190 588 mortis
1223 546 1372 601 grande
1399 545 1586 586 solatium
1613 545 1707 587 tulit
1728 575 1744 597 ‚

354 616 510 659 evasisse
535 616 776 671 postremum
806 610 908 652 illud
934 625 1120 666 tempus,
1155 624 1235 664 quo
1266 610 1527 651 Domitianus
1553 625 1637 651 non
1663 608 1744 663 jam

354 694 424 737 per
449 677 659 719 intervalla
693 692 740 718 ac
771 677 1011 732 spiramenta
1036 687 1265 729 temporum
1281 703 1295 724 ‚
1328 673 1397 715 sed
1426 674 1623 716 continuo
1647 703 1660 726 ‚
1702 677 1744 714 ὅ(

354 741 468 785 velut
490 757 572 782 uno
594 742 670 781 ielu
684 771 697 790 ‚
728 738 1020 796 rempublicam
1045 737 1224 778 exhausit
1244 742 1275 777 4.

417 805 562 845 XLV.
596 806 711 845 NON
740 804 840 844 vidit
851 800 1047 858 Agricola
1067 800 1257 842 obsessam
1276 801 1428 841 curiam
1443 805 1480 851 5,
1503 804 1543 842 ὅ(
1564 799 1743 841 clausum

354 871 472 911 armis
500 869 679 908 senatum
694 898 706 918 ‚
732 871 772 908 ὅ(
793 866 931 908 eadem
955 867 1078 921 strage
1101 878 1162 906 tot
1187 864 1457 906 consularium
1474 863 1489 886 ⁶
1516 864 1661 913 caedes‚
1683 877 1746 905 tot

353 931 679 973 nobilissimarum
704 931 941 972 feminarum
966 928 1099 970 exsilia
1125 933 1165 969 ὃς
1190 928 1316 982 fugas.
1344 926 1432 968 Una
1458 927 1589 968 adhuc
1620 928 1747 968 viclo-

355 996 412 1037 ria
433 996 557 1037 Carus
576 995 729 1036 Metius
751 1000 764 1022 ⁷
787 994 1044 1044 censebatur,
1064 996 1105 1034 &
1124 993 1226 1033 intra
1247 990 1448 1032 Albanam
1470 1006 1602 1033 arcem
1626 988 1639 1012 ⁸
1662 991 1748 1032 sen-

361 171 444 198 110

396 1134 405 1148 ¹
429 1130 585 1159 SPECIOSA:
605 1138 825 1159 conuersum·
845 1129 859 1165 ]
891 1126 1031 1157 Honestae

355 1177 391 1199 ac
408 1167 476 1198 satis
492 1169 703 1207 amplae.Errat
719 1178 792 1206 ergo
809 1167 871 1197 Dio
883 1190 891 1202 ‚
913 1168 1032 1201 LXVI,

355 1218 424 1246 pag.
441 1218 501 1247 754
514 1231 522 1243 ,
543 1207 596 1246 qui
612 1207 791 1245 Agricolam
808 1206 840 1236 in
856 1205 1033 1245 ignominia

418 1256 595 1285 paupertate
617 1246 771 1285 reliquum
793 1246 864 1275 vitae
890 1254 1032 1282 tempus,

354 1285 498 1325 Principe
506 1286 692 1316 Domitiano
703 1310 712 1322 ,
725 1284 897 1324 transegisse
910 1284 1032 1322 scripsit.

356 1328 387 1354 0'
409 1325 438 1354 δὲ
457 1326 614 1363 Α’γρικᾶλοις
633 1325 654 1354 ’ἐν
677 1339 703 1354 τε
721 1325 815 1364 ἀτιμίᾳ
844 1326 872 1353 τὸ
895 1326 981 1353 >ionem
1001 1327 1034 1354 τξξ

356 1365 399 1396 Ct's
419 1365 461 1401 2:94⁸
482 1368 502 1394 ἓν
521 1365 654 1404 ἐνδέξια..
670 1364 753 1401 ἔζησε.

397 1407 407 1420 ²
436 1405 571 1434 DURARE
594 1415 624 1433 ru
654 1415 762 1434 Hac...
783 1413 860 1432 Luca
882 1403 896 1440 ]
923 1402 1033 1432 Melius

356 1443 385 1472 in
403 1443 475 1471 hanc
498 1443 594 1473 lucem.
617 1442 724 1472 Sensus
748 1450 851 1472 autem
876 1442 938 1472 est:
963 1452 1035 1471 nam

356 1482 432 1512 ficut
446 1482 478 1512 in
503 1483 539 1512 iis
556 1482 749 1521 iniquissimis
763 1481 941 1512 Domitiani
956 1490 1034 1511 tem-

356 1522 484 1566 poribus
500 1523 613 1561 grande
627 1521 770 1552 solatium
783 1520 904 1552 ferebat
926 1521 1033 1551 durare

355 1572 390 1591 in
418 1561 497 1591 hanc
524 1560 685 1592 beatissimi
714 1560 815 1591 saeculi
838 1561 963 1596 lucem,
999 1571 1033 1591 ac

356 1600 532 1639 Principem
545 1602 714 1639 Trajanum
728 1600 834 1630 videre
846 1623 854 1636 ‚
877 1600 963 1639 quod
977 1610 1032 1630 au-

357 1639 446 1679 gurio
465 1640 609 1679 votisque
625 1641 706 1678 apud
722 1640 834 1670 nostras
853 1649 938 1670 aures
957 1640 1035 1670 omi-

356 1680 507 1717 nabarur,
537 1679 581 1710 ita
608 1690 735 1719 quoque
759 1679 904 1710 festinatae
925 1679 1033 1709 mortis

356 1720 471 1757 grande
484 1719 626 1749 solatium
637 1720 708 1749 tulit
717 1718 837 1749 evafiffe
848 1719 1034 1757 postremum

357 1758 436 1788 illud
462 1767 580 1797 tempus
597 1782 606 1795 ‚
632 1769 694 1797 quo
721 1758 941 1795 Domitianus,
969 1769 1034 1789 non

358 1799 420 1836 jam
439 1808 492 1836 per
516 1798 679 1829 intervalla
697 1808 732 1828 ac
752 1798 936 1836 spiramenta
955 1807 1035 1828 tem-

359 1848 470 1875 porum
488 1861 496 1874 ‚
522 1837 573 1867 sed
604 1838 758 1868 continuo
776 1860 785 1873 ‚
811 1838 846 1868 δε
866 1838 953 1868 velut
970 1848 1033 1868 uno

358 1877 419 1907 ielu
437 1901 444 1913 ,
457 1877 682 1915 rempublicam
695 1876 839 1907 exhausit.

398 1922 408 1942 ³
433 1919 582 1947 Auomzio
607 1927 767 1951 verisona
789 1917 802 1952 ]
823 1916 962 1948 Αιιριιῐίο
977 1926 1036 1946 vo-

1104 1133 1179 1166 Atque
1189 1133 1278 1158 utinam
1293 1132 1328 1157 his
1337 1131 1412 1165 petitis
1421 1131 1491 1164 nugis
1503 1139 1550 1156 tota
1563 1132 1605 1156 illa
1621 1132 1714 1162 dediff'ee

1101 1168 1215 1199 Tempora
1230 1167 1328 1197 siwiriae
1339 1175 1347 1188 :
1367 1167 1444 1190 claras
1455 1165 1532 1197 quibus
1552 1165 1643 1196 aestulit
1655 1166 1713 1190 Urbi

1105 1202 1247 1233 Illustresque
1263 1201 1353 1224 animas
1374 1200 1478 1232 impune,
1497 1200 1521 1222 (7
1537 1199 1626 1223 vindice
1643 1201 1716 1224 nulla.

1105 1237 1151 1259 Scri
1160 1236 1246 1267 periit,
1264 1234 1379 1267 postquam
1395 1232 1531 1257 cerdonibus
1545 1235 1584 1264 effe
1601 1234 1716 1257 timendus

1106 1270 1214 1301 Coeperat
1224 1280 1231 1292 :
1242 1269 1284 1292 hoc
1296 1268 1374 1292 nocuit
1383 1267 1517 1291 Lamiarum
1531 1268 1591 1291 caedc
1603 1267 1715 1291 madenti.

1115 1324 1122 1345 ⁵
1147 1320 1312 1348 Osssessan
1335 1318 1573 1352 cUR1AM]Haec
1586 1318 1749 1357 contigere

1073 1368 1156 1388 anno
1179 1358 1268 1387 Urbis
1289 1357 1423 1388 conditae
1446 1368 1646 1389 Decem-vin.
1667 1359 1749 1390 Vide

1075 1397 1285 1436 Appendicem
1311 1396 1592 1435 Chronologicam.

1113 1439 1125 1455 ⁶
1147 1438 1220 1467 ToT
1241 1447 1464 1467 CONSULAMUM
1488 1439 1500 1473 J
1532 1437 1578 1466 De
1598 1435 1644 1466 his
1667 1446 1750 1466 con-

1074 1475 1220 1506 sularibus
1244 1475 1317 1506 viris
1342 1475 1599 1514 nobilissimisque
1625 1475 1750 1505 feminis

1074 1515 1147 1545 vide
1168 1516 1381 1555 Appendicem
1401 1515 1692 1554 Chronologicam‚
1717 1515 1753 1545 in.

1075 1554 1134 1594 quei
1154 1555 1329 1586 Domitiani
1349 1565 1394 1585 res
1416 1554 1645 1594 prosequemur.

1114 1601 1125 1617 ⁷
1148 1597 1256 1625 Canus
1280 1596 1404 1624 Mfflus
1428 1597 1440 1632 ]
1463 1595 1557 1624 Carus
1577 1595 1610 1625 ὃς
1634 1593 1725 1624 Massa
1740 1618 1750 1633 ‚

1075 1634 1249 1673 nequissimi
1264 1635 1433 1671 delatores,
1446 1634 1607 1664 hominem
1621 1633 1752 1673 nequio-

1075 1685 1140 1704 rem
1162 1674 1189 1704 se
1203 1696 1212 1708 ,
1233 1674 1442 1704 Heliodorum
1454 1673 1676 1704 formidavere.
1689 1674 1752 1704 Un«

1076 1714 1113 1744 de
1125 1713 1285 1744 Juvenalis
1300 1715 1399 1753 Satyr.
1419 1715 1453 1750 1,
1476 1723 1523 1752 35.

1174 1765 1248 1796 Quem
1258 1765 1331 1796 Maffa
1341 1765 1419 1793 timet,
1429 1773 1494 1798 quem
1504 1771 1597 1788 munere
1605 1763 1686 1796 palpat

1109 1799 1195 1823 Carus.
1478 1818 1480 1820 ,

1076 1839 1179 1875 Quem
1193 1838 1231 1868 ad
1243 1837 1348 1868 locum
1360 1845 1450 1869 notat
1466 1844 1555 1867 vetus
1570 1835 1752 1867 scholiastes

1075 1877 1233 1908 Juvenalis
1249 1888 1256 1906 :
1278 1876 1369 1916 Mafa
1393 1878 1475 1906 morio
1486 1877 1565 1916 sulse
1581 1875 1682 1905 dicitur
1695 1899 1704 1912 ,
1721 1875 1754 1905 ὓ·

1076 1916 1168 1945 Carus
1184 1917 1290 1945 mimus.
1301 1939 1308 1945 .
1319 1940 1325 1945 .
1340 1916 1378 1944 Hi
1393 1917 1516 1946 Neronis
1531 1916 1644 1954 fuerunt
1662 1914 1754 1944 liberti

358 1954 457 1999 tisque
478 1956 607 1995 dignum
630 1956 659 1986 se
686 1956 840 1994 praestabat
861 1956 1010 1993 Traianus
1026 1979 1034 1992 ‚
1054 1950 1058 2000 Ι
1078 1955 1107 1985 Er
1130 1955 1235 1985 deliciae
1256 1955 1467 1995 Augustis-:fid
1486 1955 1631 1994 nequifflmi
1647 1954 1754 1983 delato-

357 2004 411 2032 qui
429 2003 545 2032 patrem
567 1995 702 2025 habebat
717 1994 898 2034 patricium,
921 1995 1035 2025 consu-

358 2033 453 2063 larem
464 2057 471 2069 ,
488 2045 522 2064 ae
538 2034 756 2074 triumphalem
766 2057 774 2070 ,
788 2035 822 2065 &
837 2034 897 2072 ipse
910 2034 1035 2064 militari

359 2072 450 2103 laude
465 2074 665 2110 clarescebat,
688 2074 841 2103 innutritus
856 2073 960 2103 bellicis
973 2074 1036 2102 lau-

358 2111 447 2141 dibus.
465 2113 544 2143 Vide
564 2114 697 2145 Plinium
721 2113 754 2144 in
772 2113 951 2153 Panegyric.
969 2124 1035 2152 cap.

358 2161 379 2188 9
401 2152 435 2181 ὃς
467 2156 511 2181 16.
530 2154 598 2183 Jam
621 2162 725 2183 autem
751 2153 838 2192 supra
856 2153 971 2182 dietum
998 2154 1036 2184 de

359 2190 546 2228 Vespasiano
563 2216 572 2229 ‚
603 2193 677 2222 Hist.
706 2193 743 2227 l,
781 2203 827 2231 50.
855 2191 968 2229 Erant,
993 2193 1036 2231 qui

359 2228 555 2268 Vespastanum
582 2231 613 2260 Cr
638 2241 716 2261 arma
750 2230 876 2261 Orientis
907 2242 1037 2271 augura-

360 2277 477 2299 rentur.

395 2312 414 2352 j*
432 2309 663 2339 REMPunucAM
680 2319 836 2340 fixnssusir
850 2315 860 2344 ]
873 2311 962 2341 Hanc
974 2311 1037 2341 Do-

358 2347 482 2377 mitiani
504 2348 652 2378 saevitiam
677 2358 767 2380 notat
782 2349 1036 2389 indignabundus

358 2387 518 2419 ‚Iuvenalis
535 2389 634 2427 Satyr.
653 2390 695 2419 IV
707 2411 716 2427 ,
740 2399 807 2427 150.

1076 2005 1129 2024 res.
1142 2018 1149 2025 .
1160 2018 1166 2025 .
1178 2018 1186 2025 .
1201 1994 1292 2035 ΜαῘὶι
1318 2004 1408 2024 aurem
1424 1994 1453 2025 Cr
1477 1992 1586 2031 Caius,
1609 1993 1753 2024 Heliodoro

1076 2035 1230 2072 deferente,
1247 2034 1326 2074 occisi
1337 2035 1423 2073 fimt:
1444 2036 1520 2074 cujus
1531 2034 1657 2072 futuram
1670 2033 1751 2062 dela-

1077 2075 1175 2104 tionem
1193 2075 1232 2104 ita
1251 2074 1421 2112 metuebam,
1438 2084 1467 2103 ut
1478 2075 1502 2104 ei
1518 2084 1629 2103 munera
1641 2072 1752 2103 darent.

1077 2115 1123 2145 De
1138 2116 1219 2145 Caro
1236 2114 1336 2145 Metio
1351 2114 1506 2148 nonnulla
1520 2114 1612 2143 habet
1635 2112 1752 2143 Plinius

1077 2156 1108 2189 Ι,
1130 2155 1183 2192 Ep.
1204 2165 1229 2194 5.
1247 2155 1282 2186 ὃ(
1298 2155 1354 2185 VII
1366 2177 1375 2190 ‚
1395 2155 1449 2192 Ep.
1464 2164 1512 2190 27.
1527 2152 1607 2183 Vide
1621 2153 1654 2182 ὅ(
1667 2152 1753 2182 Mar-

1077 2194 1183 2224 tialem
1201 2196 1279 2230 XII,
1301 2202 1352 2231 25.
1371 2192 1436 2223 Unci
1451 2192 1549 2222 adhuc
1573 2191 1754 2222 censebatur

1077 2233 1229 2267 vicloriai,
1255 2231 1359 2262 multis
1383 2231 1486 2270 postea
1512 2231 1661 2262 innotuit.

1116 2273 1127 2292 ⁸
1150 2274 1304 2301 ΑιΒΑΝΑΜ
1331 2282 1439 2301 ARcEM
1460 2273 1474 2308 ]
1500 2270 1614 2300 Albani
1635 2294 1644 2307 ‚
1668 2280 1753 2302 nunc

1078 2310 1205 2347 Αἰέαηο,
1222 2311 1260 2340 ad
1273 2310 1496 2340 duodecimum
1517 2311 1555 2340 ab
1575 2310 1655 2340 Urbe
1675 2310 1755 2349 lapi-

1077 2350 1148 2380 dem
1161 2372 1170 2383 ‚
1183 2350 1236 2379 via
1251 2350 1367 2388 Appia,
1381 2360 1435 2379 arx
1454 2358 1519 2379 erat
1532 2373 1540 2385 ‚
1556 2349 1607 2379 seu
1632 2349 1755 2388 egregia

1076 2389 1254 2420 Domitiani
1274 2389 1361 2420 villa.
1377 2389 1508 2420 Manent
1521 2389 1619 2421 adhuc
1633 2388 1755 2428 amplis-

1781 812 1830 841 10
