1952 2708
638 152 686 193 C,
753 150 1123 194 CORNELII
1186 149 1458 192 TACITI

352 234 462 282 nari,
487 243 656 272 vacuam
675 244 761 272 tum
783 245 912 272 morte
932 230 1048 272 Atilii
1069 232 1165 273 Rufi
1187 231 1406 273 consularis
1420 262 1433 282 ,
1465 235 1504 273 ὅ(
1525 228 1742 283 majoribus

350 296 590 336 reservatam
629 300 657 335 ¹.
682 294 900 336 Credidere
932 294 1111 351 plerique
1147 294 1337 335 libertum
1374 309 1424 335 ex
1458 294 1739 337 secretioribus

351 358 576 399 ministeriis
601 358 756 398 miffum
783 358 832 399 ad
851 357 1086 414 Agricolam
1102 387 1115 409 ,
1144 357 1382 407 codicillos,
1406 357 1547 412 quibus
1569 360 1606 399 ei
1627 359 1741 412 Syria

351 419 546 472 dabatur,
573 420 730 472 tulisse,
765 437 855 462 cum
890 435 1088 478 praecepto
1105 450 1117 471 ,
1148 435 1218 471 ut,
1248 421 1275 459 fi
1299 422 1341 460 in
1364 420 1568 462 Britannia
1605 420 1740 471 foret,

351 484 622 525 traderentur:
647 500 817 539 eumque
838 484 1026 526 libertum
1048 486 1089 523 in
1116 484 1202 539 ipso
1224 483 1328 524 freto
1351 484 1510 525 Oceani
1533 488 1547 504 ²
1573 483 1740 524 obvium

353 546 577 602 Agricolae,
597 562 645 588 ne
669 547 871 605 appellato
893 548 1054 602 quidem
1073 562 1142 597 eo,
1163 547 1212 587 ad
1227 547 1509 588 Domitianum
1533 547 1739 591 remeasse:

351 611 430 651 five
451 625 588 651 verum
614 611 740 661 istud,
766 612 843 651 ssve
866 626 917 652 ex
937 611 1103 666 ingenio
1125 611 1320 666 Principis
1346 611 1479 650 ficium
1504 625 1551 651 ac
1579 624 1742 666 compo-

352 674 467 715 situm
489 675 543 714 est
570 679 598 714 ³.
622 674 858 715 Tradiderat
883 675 1043 715 interim
1063 672 1258 729 Agricola
1286 673 1498 715 successori
1518 673 1588 714 suo
1612 678 1630 702 4
1653 687 1741 729 pro-

351 738 528 779 vinciam
552 739 727 791 quietam
750 750 968 791 tutamque.
985 739 1049 779 Ac
1071 751 1121 778 ne
1146 737 1336 778 notabilis
1357 736 1589 778 celebritate
1611 739 1651 777 ὃ(
1670 736 1743 776 fre-

351 799 515 854 quentia
537 802 837 841 occurrentium
857 802 1044 842 introitus
1064 801 1179 851 esset,
1196 803 1324 841 vitato
1341 802 1563 842 amicorum
1580 799 1740 850 officio,

353 864 474 904 nofitu
498 865 538 903 in
562 863 709 905 Urbem
726 894 738 915 ,
766 865 885 904 ηοξὶιι
910 866 951 905 in
975 863 1166 920 palatium
1181 894 1194 914 ‚
1223 866 1276 905 ita
1299 878 1342 905 ut
1367 878 1610 921 praeceptum
1633 877 1743 914 erat,

352 928 487 967 venit:
512 928 781 983 exceptusque
804 927 915 968 brevi
934 927 1075 969 osculo
1089 957 1102 978 ,
1125 931 1165 968 ὅ(
1181 926 1295 968 nullo
1309 927 1492 968 sermone
1506 957 1518 978 ‚
1533 926 1655 968 turba:
1670 927 1744 967 ser-

353 991 552 1030 vientium
571 992 777 1032 immixtus
795 992 860 1032 est.
884 991 1074 1032 Ceterum
1094 1004 1139 1032 ut
1157 990 1328 1032 militare
1352 1006 1500 1032 nomen
1515 1021 1526 1041 ,
1547 1005 1667 1046 grave
1687 991 1743 1030 in-

352 1065 414 1093 ter
438 1054 588 1095 otiosos
603 1084 615 1103 ,
641 1053 727 1095 aliis
746 1054 959 1096 virtutibus
981 1068 1244 1110 temperaret,
1271 1053 1603 1109 tranquillitatem
1625 1067 1743 1107 atque

354 1117 483 1155 otium
504 1118 661 1172 penitus
681 1119 811 1167 auxit,
835 1116 949 1158 cultu
969 1119 1175 1168 modicus,
1199 1118 1380 1159 sermone
1400 1119 1550 1168 facilis,
1572 1132 1654 1158 uno
1675 1130 1742 1158 aut

352 1177 480 1219 altero
501 1181 720 1220 amicorum
747 1182 983 1222 comitatus:
1004 1181 1105 1222 adeo
1126 1195 1170 1222 ut
1191 1180 1391 1237 plerique,
1413 1181 1554 1234 quibus
1576 1195 1744 1235 magnos

352 1243 460 1282 viros
499 1257 569 1298 per
603 1243 866 1284 ambitionem
902 1249 915 1276 5
953 1245 1138 1285 aestimare
1171 1259 1258 1285 mos
1287 1246 1366 1294 est,
1398 1245 1482 1285 viso
1509 1245 1745 1300 asper-stoque

351 1304 574 1359 Agricola,
602 1321 821 1360 quaererent
845 1307 991 1348 famam
1007 1337 1019 1358 ,
1048 1309 1167 1364 pauci
1192 1309 1547 1364 interpretarentur
1570 1307 1600 1348 ⁶.

416 1368 541 1409 XLI.
577 1369 774 1411 CREBRO
801 1385 870 1426 per
889 1386 956 1412 eos
978 1372 1060 1412 dies
1086 1370 1189 1427 apud
1210 1371 1492 1412 Domitianum
1517 1369 1654 1411 absens
1677 1385 1742 1411 ac-

353 1430 536 1482 cusatus,
567 1431 703 1473 absens
729 1432 932 1475 absolutus
959 1436 1032 1475 est:
1061 1434 1177 1475 causa
1197 1434 1367 1491 periculi
1394 1450 1475 1475 non
1502 1435 1653 1475 crimen
1682 1432 1743 1474 ul-

350 1493 434 1533 lum
452 1524 463 1544 ‚
503 1509 570 1536 aut
603 1495 764 1550 querela
794 1496 868 1536 laefi
904 1497 1135 1552 cujusquam
1157 1527 1169 1548 ,
1211 1497 1278 1538 sed
1314 1497 1489 1538 infensus
1528 1496 1741 1539 virtutibus

350 1558 569 1614 Princeps,
605 1563 644 1600 ὅ(
681 1558 810 1615 gloria
843 1561 946 1612 viri,
975 1577 1021 1602 ac
1058 1561 1263 1617 pessimum
1298 1562 1555 1601 inimicorum
1586 1576 1742 1615 genus,

351 1618 560 1663 laudantes
587 1627 616 1663 ⁷.
639 1622 690 1663 Et
715 1638 760 1664 ea
783 1624 963 1666 insecuta
989 1625 1079 1665 sunt
1102 1623 1332 1681 reipublicae
1356 1638 1539 1681 tempora
1554 1654 1567 1675 ,
1597 1639 1679 1679 quse
1700 1624 1743 1664 fi-

358 159 445 196 106

350 1763 463 1794 Annal.
479 1766 538 1803 IV,
557 1775 614 1804 23,
636 1767 711 1804 XV,
730 1777 780 1806 72.
793 1768 868 1799 Hist.
881 1771 910 1803 I,
930 1780 978 1808 79.

367 1842 372 1846 -
395 1809 403 1822 ¹
430 1805 610 1837 Mmomus
634 1814 869 1844 RrserArAM]
884 1810 1027 1841 lllustrio-

350 1843 433 1873 ribus
448 1844 658 1876 consularibus
672 1847 867 1878 reservatam.

1105 1771 1119 1789 ⁶
1140 1770 1236 1801 PAucr
1263 1780 1586 1802 rurr-:Rrarnuurun
1608 1770 1622 1807 ]
1652 1769 1742 1800 Tan-

1066 1817 1129 1839 tam
1150 1809 1183 1839 in
1204 1810 1289 1840 tanta
1313 1810 1462 1840 modestia
1484 1809 1600 1839 famam
1623 1819 1742 1848 quaere-

1065 1850 1150 1880 bant.
1171 1849 1263 1880 Pauci
1275 1849 1430 1880 modestiae
1446 1849 1546 1880 causas
1559 1849 1743 1888 interpreta-

377 1884 412 1926 ι’.
428 1883 538 1915 Far-To
554 1886 697 1924 OcrAm]
713 1886 839 1918 Fretum
854 1887 932 1919 illud
944 1898 1026 1920 nunc

351 1921 484 1953 dlclmus
500 1922 524 1951 le
541 1923 600 1952 Par
614 1924 646 1953 de
661 1925 769 1955 Calais.

391 1966 402 1988 ³
425 1963 641 1994 Comosrrum
664 1975 718 1995 Esr
737 1967 751 2003 ]
776 1965 849 1996 Sive
870 1965 946 1997 istud
970 1977 1026 1997 ve-

350 2010 418 2043 rurn
438 2003 495 2045 eit,
509 2001 571 2033 five
595 2006 665 2042 apte
691 2014 725 2035 ac
744 2006 973 2036 convenienter
989 2007 1027 2037 ad

351 2040 499 2079 Principis
514 2041 675 2081 ingenium
694 2054 711 2075 a
725 2045 845 2084 populo
858 2046 1026 2077 confictum

348 2078 383 2110 δί
400 2080 615 2118 compofitum.

389 2122 404 2141 4
426 2121 617 2162 Successom
639 2133 695 2153 suo
718 2124 733 2160 ]
757 2124 914 2155 Successor
934 2124 1025 2164 Agri-

349 2157 427 2187 colae
443 2159 566 2190 Videtur
587 2160 674 2192 fuiffe
688 2162 840 2193 Sallustius
856 2165 1005 2194 Lucullus
1017 2188 1025 2200 ‚

350 2195 390 2226 de
406 2207 469 2241 quo
489 2200 616 2230 Sueton.
639 2200 672 2230 in
685 2201 804 2232 Domit.
818 2204 856 2232 X.
872 2203 1027 2234 Domitia-

349 2245 406 2266 nus
424 2238 584 2281 interemit
598 2239 754 2279 Sallustium
771 2240 933 2279 Lucullum,
958 2243 1026 2272 Bri-

349 2283 456 2305 tanmae
472 2276 591 2315 legarum
604 2302 612 2315 ,
632 2280 699 2318 quo‘d
715 2280 829 2310 lanceas
843 2281 1025 2319 novaeformae

350 2315 484 2351 appellari
496 2316 645 2346 Luculleas
656 2320 744 2358 fufius
759 2321 829 2359 eser.

394 2359 402 2379 5
427 2356 486 2385 PER
512 2367 710 2388 AMrrrroer
732 2362 744 2396 ]
763 2362 807 2389 Ex
829 2360 900 2392 vitae
923 2360 1025 2400 splen-

352 2392 428 2425 dore
449 2394 483 2427 &
501 2397 666 2429 numeroso
683 2399 844 2431 comitatu.

1066 1888 1187 1919 bantur.

1105 1934 1117 1953 7
1141 1929 1333 1958 LAunANTrs
1355 1930 1368 1966 ]

1065 1967 1219 1998 micorum
1233 1978 1344 2008 genere
1368 1967 1504 1997 Julianus
1516 1989 1524 2003 ,
1546 1968 1716 2005 Imperator
1729 1988 1740 2003 ‚

1064 2007 1153 2045 EPist.
1176 2018 1228 2044 12,
1252 2008 1290 2038 [ld
1305 2006 1459 2037 Bafilium.
1475 2007 1594 2044 Σῦνεσμεν
1614 2006 1664 2044 ’γὰρ
1686 2008 1741 2034 ἆλ-

1065 2050 1153 2078 λῇλοις
1169 2050 1183 2078 ἐ
1204 2048 1273 2085 μετὰ
1288 2050 1332 2079 τὶἷς
1352 2050 1458 2077 αὐλικῆς
1484 2049 1632 2081 ὑποκρίσεως
1653 2045 1740 2083 μένης·

1066 2085 1091 2117 ἷς
1101 2109 1109 2122 ,
1121 2088 1190 2124 ciuus
1200 2109 1207 2122 ,
1221 2101 1246 2116 σε
1260 2087 1336 2125 μέχρι
1351 2090 1382 2117 τὲ
1399 2086 1468 2124 δἐὖρο
1481 2087 1644 2125 πεπειρξὶιθιᾳ
1655 2094 1661 2099 “
1675 2086 1739 2113 καθ’

1066 2125 1088 2156 ii»
1103 2129 1241 2158 ἓπκινῖςντες
1254 2149 1263 2162 ,
1285 2130 1376 2163 μισ-ἐτι
1391 2129 1524 2159 τηλικὲτον
1536 2127 1611 2162 μία-ος
1623 2146 1632 2159 ,
1656 2124 1741 2156 ἦλιίιον

1066 2166 1111 2195 ἑδε
1123 2167 1168 2197 τὲς
1183 2166 1388 2203 πολεμιωτάτες.
1404 2165 1449 2193 Ῑΐα
1461 2164 1548 2192 alffius
1560 2163 1693 2199 Vivimus,
1710 2172 1741 2191 ut

1066 2204 1164 2234 aulicae
1175 2205 1363 2244 simulationis
1375 2203 1444 2232 nihil
1459 2202 1520 2239 fere
1541 2203 1707 2231 retineamus
1723 2212 1738 2237 ;

1065 2255 1143 2282 quam
1157 2244 1261 2283 quidem
1276 2253 1304 2272 ru
1315 2243 1426 2282 fortaffe
1437 2242 1524 2270 adhuc
1535 2251 1662 2278 exspertus
1671 2241 1739 2280 fuis:

1065 2284 1086 2312 ti
1098 2307 1107 2321 ‚
1124 2285 1176 2322 quai
1191 2283 1236 2321 qui
1251 2281 1367 2311 laudans
1389 2283 1490 2320 majore
1503 2281 1562 2310 odio
1576 2282 1738 2319 prrffequun-

1064 2333 1108 2350 rur
1121 2346 1129 2358 ‚
1149 2324 1226 2360 quim
1243 2321 1444 2361 inimicissimos.
1457 2321 1598 2351 Aulicarn
1614 2321 1692 2351 hanc
1705 2320 1740 2350 fi-

1064 2361 1271 2392 mulationem
1299 2371 1439 2401 expertus
1468 2360 1567 2391 fuerat
1589 2360 1738 2390 Julianus.

1064 2402 1152 2434 Unde
1170 2401 1371 2434 Mamertinus
1380 2425 1390 2441 ,
1410 2401 1443 2432 in
1457 2399 1620 2430 Graziarum
1637 2399 1742 2431 afflone

1396 1928 1442 1957 De
1457 1926 1518 1958 hoc
1534 1927 1659 1966 peffimo
1675 1926 1742 1957 ini-

1773 806 1823 834 10

1774 1122 1821 1162 15

1769 1436 1824 1463 20
