<?xml version="1.0" encoding="UTF-8"?>
<!DOCTYPE html PUBLIC "-//W3C//DTD XHTML 1.0 Transitional//EN"
    "http://www.w3.org/TR/xhtml1/DTD/xhtml1-transitional.dtd">
<html xmlns="http://www.w3.org/1999/xhtml" xml:lang="en" lang="en">
 <head>
  <title>
</title>
<meta http-equiv="Content-Type" content="text/html;charset=utf-8" />
  <meta name='ocr-system' content='tesseract 3.04.00' />
  <meta name='ocr-capabilities' content='ocr_page ocr_carea ocr_par ocr_line ocrx_word'/>
</head>
<body>
  <div class='ocr_page' id='page_1' title='image "./operabro04taciuoft_0262.png"; bbox 0 0 1952 2708; ppageno 0'>
   <div class='ocr_carea' id='block_1_1' title="bbox 394 164 1586 225">
    <p class='ocr_par' dir='ltr' id='par_1_1' title="bbox 394 164 1586 225">
     <span class='ocr_line' id='line_1_1' title="bbox 394 164 1586 225; baseline -0.005 -11"><span class='ocrx_word' id='word_1_1' title='bbox 394 186 481 225; x_wconf 83' lang='lat'>250</span> <span class='ocrx_word' id='word_1_2' title='bbox 578 168 803 211; x_wconf 90' lang='lat' dir='ltr'><strong>NOTAE</strong></span> <span class='ocrx_word' id='word_1_3' title='bbox 848 166 933 208; x_wconf 92' lang='lat' dir='ltr'>ET</span> <span class='ocrx_word' id='word_1_4' title='bbox 977 164 1586 209; x_wconf 87' lang='lat' dir='ltr'><strong>EMENDATIONES</strong></span> 
     </span>
    </p>
   </div>
   <div class='ocr_carea' id='block_1_2' title="bbox 388 243 1784 691">
    <p class='ocr_par' dir='ltr' id='par_1_2' title="bbox 388 243 1780 343">
     <span class='ocr_line' id='line_1_2' title="bbox 388 243 1780 292; baseline -0.001 -9"><span class='ocrx_word' id='word_1_5' title='bbox 388 245 606 289; x_wconf 77' lang='lat' dir='ltr'>emendasse,</span> <span class='ocrx_word' id='word_1_6' title='bbox 630 245 756 292; x_wconf 61' lang='lat' dir='ltr'>optime.</span> <span class='ocrx_word' id='word_1_7' title='bbox 775 243 832 282; x_wconf 79' lang='lat' dir='ltr'>Ita</span> <span class='ocrx_word' id='word_1_8' title='bbox 852 243 949 282; x_wconf 87' lang='lat' dir='ltr'>enim</span> <span class='ocrx_word' id='word_1_9' title='bbox 965 244 1072 281; x_wconf 84' lang='lat' dir='ltr'>vertit</span> <span class='ocrx_word' id='word_1_10' title='bbox 1086 272 1095 289; x_wconf 88' lang='lat'>‚</span> <span class='ocrx_word' id='word_1_11' title='bbox 1119 246 1212 292; x_wconf 82' lang='lat' dir='ltr'><em>pochi</em></span> <span class='ocrx_word' id='word_1_12' title='bbox 1227 246 1358 280; x_wconf 78' lang='lat' dir='ltr'>concetti</span> <span class='ocrx_word' id='word_1_13' title='bbox 1383 247 1519 280; x_wconf 83' lang='lat' dir='ltr'>termina</span> <span class='ocrx_word' id='word_1_14' title='bbox 1540 245 1780 291; x_wconf 77' lang='lat' dir='ltr'>ottimamcnte,</span> 
     </span>
     <span class='ocr_line' id='line_1_3' title="bbox 390 295 789 343; baseline -0.01 -9"><span class='ocrx_word' id='word_1_15' title='bbox 390 313 405 334; x_wconf 85' lang='lat' dir='ltr'>e</span> <span class='ocrx_word' id='word_1_16' title='bbox 429 309 486 332; x_wconf 83' lang='lat' dir='ltr'>con</span> <span class='ocrx_word' id='word_1_17' title='bbox 511 307 593 331; x_wconf 77' lang='lat' dir='ltr'>certo</span> <span class='ocrx_word' id='word_1_18' title='bbox 610 295 789 343; x_wconf 82' lang='lat' dir='ltr'><em>splendore.</em></span> 
     </span>
    </p>

    <p class='ocr_par' dir='ltr' id='par_1_3' title="bbox 388 343 1784 442">
     <span class='ocr_line' id='line_1_4' title="bbox 444 343 1784 394; baseline -0.001 -13"><span class='ocrx_word' id='word_1_19' title='bbox 444 348 563 381; x_wconf 82' lang='lat' dir='ltr'>N1H1L</span> <span class='ocrx_word' id='word_1_20' title='bbox 590 357 811 382; x_wconf 76' lang='lat' dir='ltr'>EXCERPERE</span> <span class='ocrx_word' id='word_1_21' title='bbox 835 349 852 390; x_wconf 96' lang='lat'>]</span> <span class='ocrx_word' id='word_1_22' title='bbox 883 344 1033 394; x_wconf 80' lang='lat' dir='ltr'>Optime</span> <span class='ocrx_word' id='word_1_23' title='bbox 1054 343 1189 393; x_wconf 84' lang='lat' dir='ltr'>Lipsius</span> <span class='ocrx_word' id='word_1_24' title='bbox 1212 356 1232 381; x_wconf 93' lang='lat' dir='ltr'>e</span> <span class='ocrx_word' id='word_1_25' title='bbox 1255 343 1320 381; x_wconf 88' lang='lat' dir='ltr'>Ms.</span> <span class='ocrx_word' id='word_1_26' title='bbox 1346 343 1534 391; x_wconf 71' lang='lat' dir='ltr'>Perpetem</span> <span class='ocrx_word' id='word_1_27' title='bbox 1556 354 1692 382; x_wconf 83' lang='lat' dir='ltr'>veteres</span> <span class='ocrx_word' id='word_1_28' title='bbox 1707 344 1784 381; x_wconf 84' lang='lat' dir='ltr'>edi-</span> 
     </span>
     <span class='ocr_line' id='line_1_5' title="bbox 388 396 1022 442; baseline -0.006 -9"><span class='ocrx_word' id='word_1_29' title='bbox 388 396 532 439; x_wconf 83' lang='lat' dir='ltr'>tiones,</span> <span class='ocrx_word' id='word_1_30' title='bbox 561 397 642 431; x_wconf 77' lang='lat' dir='ltr'>nihil</span> <span class='ocrx_word' id='word_1_31' title='bbox 669 408 710 431; x_wconf 78' lang='lat' dir='ltr'>ex</span> <span class='ocrx_word' id='word_1_32' title='bbox 733 406 869 442; x_wconf 84' lang='lat' dir='ltr'>tempore</span> <span class='ocrx_word' id='word_1_33' title='bbox 895 396 1022 442; x_wconf 83' lang='lat' dir='ltr'>referre.</span> 
     </span>
    </p>

    <p class='ocr_par' dir='ltr' id='par_1_4' title="bbox 390 442 1783 544">
     <span class='ocr_line' id='line_1_6' title="bbox 444 442 1783 493; baseline -0.001 -12"><span class='ocrx_word' id='word_1_34' title='bbox 444 447 505 482; x_wconf 85' lang='lat' dir='ltr'>Ac</span> <span class='ocrx_word' id='word_1_35' title='bbox 534 448 796 491; x_wconf 77' lang='lat' dir='ltr'>LAUDATUM]</span> <span class='ocrx_word' id='word_1_36' title='bbox 826 444 932 480; x_wconf 84' lang='lat' dir='ltr'>Putat</span> <span class='ocrx_word' id='word_1_37' title='bbox 966 442 1103 493; x_wconf 78' lang='lat' dir='ltr'>Lipsius</span> <span class='ocrx_word' id='word_1_38' title='bbox 1133 442 1286 480; x_wconf 87' lang='lat' dir='ltr'>omnino</span> <span class='ocrx_word' id='word_1_39' title='bbox 1322 442 1609 487; x_wconf 81' lang='lat' dir='ltr'>emendandum,</span> <span class='ocrx_word' id='word_1_40' title='bbox 1644 457 1681 479; x_wconf 86' lang='lat' dir='ltr'>ac</span> <span class='ocrx_word' id='word_1_41' title='bbox 1706 445 1783 479; x_wconf 79' lang='lat' dir='ltr'>lan-</span> 
     </span>
     <span class='ocr_line' id='line_1_7' title="bbox 390 493 1027 544; baseline -0.005 -13"><span class='ocrx_word' id='word_1_42' title='bbox 390 508 469 533; x_wconf 75' lang='lat' dir='ltr'>tum.</span> <span class='ocrx_word' id='word_1_43' title='bbox 491 496 537 531; x_wconf 83' lang='lat' dir='ltr'>Et</span> <span class='ocrx_word' id='word_1_44' title='bbox 564 494 710 544; x_wconf 87' lang='lat' dir='ltr'>quidem</span> <span class='ocrx_word' id='word_1_45' title='bbox 734 493 1027 543; x_wconf 74' lang='lat' dir='ltr'>probabilissime.</span> 
     </span>
    </p>

    <p class='ocr_par' dir='ltr' id='par_1_5' title="bbox 393 542 1779 645">
     <span class='ocr_line' id='line_1_8' title="bbox 438 542 1779 591; baseline -0.001 -10"><span class='ocrx_word' id='word_1_46' title='bbox 438 545 589 581; x_wconf 82' lang='lat' dir='ltr'>FUG1AT</span> <span class='ocrx_word' id='word_1_47' title='bbox 617 556 755 581; x_wconf 74' lang='lat' dir='ltr'>FOEDAM</span> <span class='ocrx_word' id='word_1_48' title='bbox 781 548 799 591; x_wconf 92' lang='lat'>]</span> <span class='ocrx_word' id='word_1_49' title='bbox 827 543 904 580; x_wconf 70' lang='grc' dir='ltr'>ΜΠ.</span> <span class='ocrx_word' id='word_1_50' title='bbox 924 542 1044 580; x_wconf 87' lang='lat' dir='ltr'>Vatic.</span> <span class='ocrx_word' id='word_1_51' title='bbox 1073 543 1173 578; x_wconf 84' lang='lat'>1862</span> <span class='ocrx_word' id='word_1_52' title='bbox 1199 544 1234 578; x_wconf 85' lang='lat'>&amp;</span> <span class='ocrx_word' id='word_1_53' title='bbox 1256 543 1386 590; x_wconf 79' lang='grc'><strong>4498,</strong></span> <span class='ocrx_word' id='word_1_54' title='bbox 1405 542 1540 591; x_wconf 75' lang='lat' dir='ltr'>fugitet.</span> <span class='ocrx_word' id='word_1_55' title='bbox 1567 543 1634 580; x_wconf 87' lang='lat' dir='ltr'>Ms.</span> <span class='ocrx_word' id='word_1_56' title='bbox 1659 543 1779 582; x_wconf 87' lang='lat' dir='ltr'>Vatic.</span> 
     </span>
     <span class='ocr_line' id='line_1_9' title="bbox 393 595 664 645; baseline 0.004 -14"><span class='ocrx_word' id='word_1_57' title='bbox 393 597 494 645; x_wconf 83' lang='lat'>1518</span> <span class='ocrx_word' id='word_1_58' title='bbox 512 622 522 638; x_wconf 89' lang='lat'>,</span> <span class='ocrx_word' id='word_1_59' title='bbox 543 595 664 643; x_wconf 77' lang='lat' dir='ltr'>ficgiet.</span> 
     </span>
    </p>

    <p class='ocr_par' dir='ltr' id='par_1_6' title="bbox 436 641 1607 691">
     <span class='ocr_line' id='line_1_10' title="bbox 436 641 1607 691; baseline -0.002 -10"><span class='ocrx_word' id='word_1_60' title='bbox 436 645 652 681; x_wconf 74' lang='lat' dir='ltr'><strong>TERMINET</strong></span> <span class='ocrx_word' id='word_1_61' title='bbox 674 648 692 691; x_wconf 98' lang='lat'>]</span> <span class='ocrx_word' id='word_1_62' title='bbox 723 643 802 680; x_wconf 83' lang='lat' dir='ltr'>Mss.</span> <span class='ocrx_word' id='word_1_63' title='bbox 823 641 940 678; x_wconf 83' lang='lat' dir='ltr'>Vatic.</span> <span class='ocrx_word' id='word_1_64' title='bbox 965 645 999 678; x_wconf 68' lang='grc' dir='ltr'>ὃς</span> <span class='ocrx_word' id='word_1_65' title='bbox 1022 641 1201 679; x_wconf 81' lang='lat' dir='ltr'><strong>editiones</strong></span> <span class='ocrx_word' id='word_1_66' title='bbox 1223 651 1358 680; x_wconf 87' lang='lat' dir='ltr'>veteres</span> <span class='ocrx_word' id='word_1_67' title='bbox 1372 670 1382 686; x_wconf 85' lang='lat'>‚</span> <span class='ocrx_word' id='word_1_68' title='bbox 1409 643 1607 679; x_wconf 77' lang='lat' dir='ltr'><em>determinet.</em></span> 
     </span>
    </p>
   </div>
   <div class='ocr_carea' id='block_1_3' title="bbox 386 741 1790 2083">
    <p class='ocr_par' dir='ltr' id='par_1_7' title="bbox 388 741 1782 881">
     <span class='ocr_line' id='line_1_11' title="bbox 436 741 1782 788; baseline 0 -9"><span class='ocrx_word' id='word_1_69' title='bbox 436 742 542 779; x_wconf 90' lang='lat' dir='ltr'><strong>CAP.</strong></span> <span class='ocrx_word' id='word_1_70' title='bbox 568 742 704 779; x_wconf 86' lang='lat' dir='ltr'><strong>XXIII.</strong></span> <span class='ocrx_word' id='word_1_71' title='bbox 734 742 780 780; x_wconf 80' lang='lat' dir='ltr'>IN</span> <span class='ocrx_word' id='word_1_72' title='bbox 808 753 974 778; x_wconf 81' lang='lat' dir='ltr'><strong>OMNIBUS</strong></span> <span class='ocrx_word' id='word_1_73' title='bbox 1006 745 1306 788; x_wconf 83' lang='lat' dir='ltr'>ORATIONIBUs]</span> <span class='ocrx_word' id='word_1_74' title='bbox 1337 741 1436 779; x_wconf 88' lang='lat' dir='ltr'>Bene</span> <span class='ocrx_word' id='word_1_75' title='bbox 1474 741 1551 778; x_wconf 81' lang='lat' dir='ltr'>Mff.</span> <span class='ocrx_word' id='word_1_76' title='bbox 1587 742 1704 779; x_wconf 81' lang='lat' dir='ltr'>Vatic.</span> <span class='ocrx_word' id='word_1_77' title='bbox 1746 746 1782 779; x_wconf 87' lang='lat'>&amp;</span> 
     </span>
     <span class='ocr_line' id='line_1_12' title="bbox 388 791 1781 842; baseline 0 -13"><span class='ocrx_word' id='word_1_78' title='bbox 388 793 568 840; x_wconf 70' lang='lat' dir='ltr'>editiones</span> <span class='ocrx_word' id='word_1_79' title='bbox 593 803 740 831; x_wconf 80' lang='lat' dir='ltr'>veteres.</span> <span class='ocrx_word' id='word_1_80' title='bbox 766 794 954 842; x_wconf 85' lang='lat' dir='ltr'>Perpetarn</span> <span class='ocrx_word' id='word_1_81' title='bbox 980 792 1018 827; x_wconf 93' lang='lat' dir='ltr'>in</span> <span class='ocrx_word' id='word_1_82' title='bbox 1042 791 1119 827; x_wconf 86' lang='lat' dir='ltr'>aliis</span> <span class='ocrx_word' id='word_1_83' title='bbox 1145 791 1309 828; x_wconf 83' lang='lat' dir='ltr'>orniffum</span> <span class='ocrx_word' id='word_1_84' title='bbox 1323 818 1334 835; x_wconf 91' lang='lat'>,</span> <span class='ocrx_word' id='word_1_85' title='bbox 1365 793 1559 828; x_wconf 81' lang='lat' dir='ltr'>orationibus</span> <span class='ocrx_word' id='word_1_86' title='bbox 1574 819 1585 836; x_wconf 90' lang='lat'><strong><em>,</em></strong></span> <span class='ocrx_word' id='word_1_87' title='bbox 1612 803 1653 828; x_wconf 91' lang='lat' dir='ltr'>ut</span> <span class='ocrx_word' id='word_1_88' title='bbox 1687 793 1781 829; x_wconf 63' lang='lat' dir='ltr'>reete</span> 
     </span>
     <span class='ocr_line' id='line_1_13' title="bbox 389 843 681 881; baseline -0.01 0"><span class='ocrx_word' id='word_1_89' title='bbox 389 843 485 881; x_wconf 83' lang='lat' dir='ltr'>vidit</span> <span class='ocrx_word' id='word_1_90' title='bbox 510 843 681 879; x_wconf 83' lang='lat' dir='ltr'>Muretus.</span> 
     </span>
    </p>

    <p class='ocr_par' dir='ltr' id='par_1_8' title="bbox 388 891 1785 1030">
     <span class='ocr_line' id='line_1_14' title="bbox 444 891 1781 938; baseline 0 -10"><span class='ocrx_word' id='word_1_91' title='bbox 444 893 535 928; x_wconf 80' lang='lat' dir='ltr'>Hoc</span> <span class='ocrx_word' id='word_1_92' title='bbox 563 904 718 929; x_wconf 80' lang='lat' dir='ltr'>1Nv1Tth</span> <span class='ocrx_word' id='word_1_93' title='bbox 746 903 890 928; x_wconf 79' lang='lat' dir='ltr'><strong>RETULI</strong></span> <span class='ocrx_word' id='word_1_94' title='bbox 914 895 931 938; x_wconf 91' lang='lat'>]</span> <span class='ocrx_word' id='word_1_95' title='bbox 962 891 1059 928; x_wconf 87' lang='lat' dir='ltr'>Bene</span> <span class='ocrx_word' id='word_1_96' title='bbox 1084 891 1304 928; x_wconf 74' lang='lat' dir='ltr'>Puteolanus</span> <span class='ocrx_word' id='word_1_97' title='bbox 1338 894 1372 928; x_wconf 67' lang='grc' dir='ltr'>ὃς</span> <span class='ocrx_word' id='word_1_98' title='bbox 1398 892 1529 928; x_wconf 88' lang='lat' dir='ltr'>deinde</span> <span class='ocrx_word' id='word_1_99' title='bbox 1555 891 1617 927; x_wconf 88' lang='lat' dir='ltr'>alii</span> <span class='ocrx_word' id='word_1_100' title='bbox 1645 904 1781 929; x_wconf 81' lang='lat' dir='ltr'>omnes,</span> 
     </span>
     <span class='ocr_line' id='line_1_15' title="bbox 388 940 1785 992; baseline -0.001 -13"><span class='ocrx_word' id='word_1_101' title='bbox 388 943 433 979; x_wconf 87' lang='lat' dir='ltr'>In</span> <span class='ocrx_word' id='word_1_102' title='bbox 456 942 531 978; x_wconf 84' lang='lat' dir='ltr'>Mff.</span> <span class='ocrx_word' id='word_1_103' title='bbox 553 942 672 980; x_wconf 85' lang='lat' dir='ltr'>Vatic.</span> <span class='ocrx_word' id='word_1_104' title='bbox 701 945 734 978; x_wconf 68' lang='grc' dir='ltr'>ὃς</span> <span class='ocrx_word' id='word_1_105' title='bbox 768 940 931 979; x_wconf 82' lang='lat' dir='ltr'>editione</span> <span class='ocrx_word' id='word_1_106' title='bbox 962 940 1153 991; x_wconf 81' lang='lat' dir='ltr'>principe,</span> <span class='ocrx_word' id='word_1_107' title='bbox 1183 945 1352 980; x_wconf 73' lang='lat' dir='ltr'>invitatus.</span> <span class='ocrx_word' id='word_1_108' title='bbox 1380 945 1455 978; x_wconf 76' lang='lat' dir='ltr'>Hac</span> <span class='ocrx_word' id='word_1_109' title='bbox 1487 953 1633 992; x_wconf 84' lang='lat' dir='ltr'>qnoque</span> <span class='ocrx_word' id='word_1_110' title='bbox 1661 941 1785 978; x_wconf 85' lang='lat' dir='ltr'>mallet</span> 
     </span>
     <span class='ocr_line' id='line_1_16' title="bbox 393 992 595 1030; baseline 0 -3"><span class='ocrx_word' id='word_1_111' title='bbox 393 992 595 1030; x_wconf 78' lang='lat' dir='ltr'>Acidalius.</span> 
     </span>
    </p>

    <p class='ocr_par' dir='ltr' id='par_1_9' title="bbox 390 1040 1786 1177">
     <span class='ocr_line' id='line_1_17' title="bbox 443 1040 1786 1086; baseline -0.001 -8"><span class='ocrx_word' id='word_1_112' title='bbox 443 1042 652 1078; x_wconf 68' lang='lat' dir='ltr'>ORAToREs</span> <span class='ocrx_word' id='word_1_113' title='bbox 682 1053 844 1077; x_wconf 84' lang='lat' dir='ltr'><strong>VOCANT</strong></span> <span class='ocrx_word' id='word_1_114' title='bbox 870 1044 888 1086; x_wconf 95' lang='lat'>]</span> <span class='ocrx_word' id='word_1_115' title='bbox 917 1040 995 1077; x_wconf 83' lang='lat' dir='ltr'>Mff.</span> <span class='ocrx_word' id='word_1_116' title='bbox 1018 1040 1137 1076; x_wconf 81' lang='lat' dir='ltr'>Vatic.</span> <span class='ocrx_word' id='word_1_117' title='bbox 1163 1044 1197 1076; x_wconf 85' lang='lat'>&amp;</span> <span class='ocrx_word' id='word_1_118' title='bbox 1218 1041 1397 1078; x_wconf 84' lang='lat' dir='ltr'>editiones</span> <span class='ocrx_word' id='word_1_119' title='bbox 1422 1052 1579 1084; x_wconf 82' lang='lat' dir='ltr'>veteres,</span> <span class='ocrx_word' id='word_1_120' title='bbox 1613 1042 1786 1077; x_wconf 62' lang='lat' dir='ltr'>vocabant:</span> 
     </span>
     <span class='ocr_line' id='line_1_18' title="bbox 390 1089 1784 1141; baseline -0.001 -15"><span class='ocrx_word' id='word_1_121' title='bbox 390 1091 489 1128; x_wconf 85' lang='lat' dir='ltr'>Bene</span> <span class='ocrx_word' id='word_1_122' title='bbox 513 1091 668 1141; x_wconf 77' lang='lat' dir='ltr'>Lipsius,</span> <span class='ocrx_word' id='word_1_123' title='bbox 691 1103 818 1126; x_wconf 68' lang='lat' dir='ltr'>vocant.</span> <span class='ocrx_word' id='word_1_124' title='bbox 839 1089 885 1125; x_wconf 83' lang='lat' dir='ltr'>Et</span> <span class='ocrx_word' id='word_1_125' title='bbox 906 1089 953 1125; x_wconf 80' lang='lat' dir='ltr'>sle</span> <span class='ocrx_word' id='word_1_126' title='bbox 976 1090 1099 1139; x_wconf 78' lang='lat' dir='ltr'>passim</span> <span class='ocrx_word' id='word_1_127' title='bbox 1118 1090 1156 1125; x_wconf 88' lang='lat' dir='ltr'>in</span> <span class='ocrx_word' id='word_1_128' title='bbox 1172 1090 1248 1127; x_wconf 83' lang='lat' dir='ltr'>hoc</span> <span class='ocrx_word' id='word_1_129' title='bbox 1266 1091 1431 1141; x_wconf 85' lang='lat' dir='ltr'>dialogo.</span> <span class='ocrx_word' id='word_1_130' title='bbox 1448 1090 1784 1134; x_wconf 63' lang='lat' dir='ltr'>Schurzfleischffis,</span> 
     </span>
     <span class='ocr_line' id='line_1_19' title="bbox 391 1153 546 1177; baseline -0.006 -1"><span class='ocrx_word' id='word_1_131' title='bbox 391 1153 546 1177; x_wconf 65' lang='lat' dir='ltr'>vocitant.</span> 
     </span>
    </p>

    <p class='ocr_par' dir='ltr' id='par_1_10' title="bbox 444 1188 1665 1240">
     <span class='ocr_line' id='line_1_20' title="bbox 444 1188 1665 1240; baseline 0.001 -14"><span class='ocrx_word' id='word_1_132' title='bbox 444 1191 622 1227; x_wconf 70' lang='lat' dir='ltr'>SleNAssE</span> <span class='ocrx_word' id='word_1_133' title='bbox 646 1194 663 1236; x_wconf 95' lang='lat'>]</span> <span class='ocrx_word' id='word_1_134' title='bbox 692 1189 748 1225; x_wconf 82' lang='lat' dir='ltr'>Ita</span> <span class='ocrx_word' id='word_1_135' title='bbox 771 1189 854 1225; x_wconf 86' lang='lat' dir='ltr'>libri</span> <span class='ocrx_word' id='word_1_136' title='bbox 877 1201 1002 1225; x_wconf 88' lang='lat' dir='ltr'>omnes</span> <span class='ocrx_word' id='word_1_137' title='bbox 1026 1188 1127 1224; x_wconf 83' lang='lat' dir='ltr'>editi.</span> <span class='ocrx_word' id='word_1_138' title='bbox 1150 1189 1194 1225; x_wconf 89' lang='lat' dir='ltr'>In</span> <span class='ocrx_word' id='word_1_139' title='bbox 1222 1189 1300 1227; x_wconf 86' lang='lat' dir='ltr'>Mss.</span> <span class='ocrx_word' id='word_1_140' title='bbox 1325 1189 1442 1226; x_wconf 80' lang='lat' dir='ltr'>Vatic.</span> <span class='ocrx_word' id='word_1_141' title='bbox 1459 1191 1665 1240; x_wconf 81' lang='lat' dir='ltr'>fignificaffe.</span> 
     </span>
    </p>

    <p class='ocr_par' dir='ltr' id='par_1_11' title="bbox 442 1238 1571 1289">
     <span class='ocr_line' id='line_1_21' title="bbox 442 1238 1571 1289; baseline 0 -13"><span class='ocrx_word' id='word_1_142' title='bbox 442 1241 560 1276; x_wconf 78' lang='lat' dir='ltr'>ANTE</span> <span class='ocrx_word' id='word_1_143' title='bbox 589 1251 738 1276; x_wconf 86' lang='lat' dir='ltr'>OCULOS</span> <span class='ocrx_word' id='word_1_144' title='bbox 755 1267 766 1283; x_wconf 84' lang='lat'>‚</span> <span class='ocrx_word' id='word_1_145' title='bbox 796 1251 862 1282; x_wconf 77' lang='lat' dir='ltr'>QUI</span> <span class='ocrx_word' id='word_1_146' title='bbox 885 1244 902 1285; x_wconf 96' lang='lat'>]</span> <span class='ocrx_word' id='word_1_147' title='bbox 934 1238 1011 1275; x_wconf 83' lang='lat' dir='ltr'>Mff.</span> <span class='ocrx_word' id='word_1_148' title='bbox 1032 1239 1149 1275; x_wconf 83' lang='lat' dir='ltr'>Vatic.</span> <span class='ocrx_word' id='word_1_149' title='bbox 1174 1251 1247 1275; x_wconf 77' lang='lat' dir='ltr'>ante</span> <span class='ocrx_word' id='word_1_150' title='bbox 1268 1241 1372 1275; x_wconf 82' lang='lat' dir='ltr'>oculos</span> <span class='ocrx_word' id='word_1_151' title='bbox 1397 1240 1474 1287; x_wconf 84' lang='lat' dir='ltr'>isti,</span> <span class='ocrx_word' id='word_1_152' title='bbox 1505 1244 1571 1289; x_wconf 83' lang='lat' dir='ltr'>qui.</span> 
     </span>
    </p>

    <p class='ocr_par' dir='ltr' id='par_1_12' title="bbox 391 1287 1788 1538">
     <span class='ocr_line' id='line_1_22' title="bbox 443 1287 1786 1334; baseline -0.001 -8"><span class='ocrx_word' id='word_1_153' title='bbox 443 1289 536 1326; x_wconf 77' lang='lat' dir='ltr'>NON</span> <span class='ocrx_word' id='word_1_154' title='bbox 564 1301 776 1325; x_wconf 79' lang='lat' dir='ltr'><strong>FIRMITATE</strong></span> <span class='ocrx_word' id='word_1_155' title='bbox 797 1317 806 1332; x_wconf 86' lang='lat'>‚</span> <span class='ocrx_word' id='word_1_156' title='bbox 837 1302 905 1324; x_wconf 81' lang='lat' dir='ltr'>SED</span> <span class='ocrx_word' id='word_1_157' title='bbox 936 1301 1096 1325; x_wconf 78' lang='lat' dir='ltr'>JEJUNlo</span> <span class='ocrx_word' id='word_1_158' title='bbox 1119 1292 1136 1334; x_wconf 96' lang='lat'>]</span> <span class='ocrx_word' id='word_1_159' title='bbox 1167 1289 1265 1326; x_wconf 88' lang='lat' dir='ltr'>Bene</span> <span class='ocrx_word' id='word_1_160' title='bbox 1291 1289 1463 1326; x_wconf 79' lang='lat' dir='ltr'>schelius.</span> <span class='ocrx_word' id='word_1_161' title='bbox 1492 1290 1535 1326; x_wconf 87' lang='lat' dir='ltr'>In</span> <span class='ocrx_word' id='word_1_162' title='bbox 1561 1289 1639 1326; x_wconf 82' lang='lat' dir='ltr'>Mff.</span> <span class='ocrx_word' id='word_1_163' title='bbox 1667 1287 1786 1325; x_wconf 79' lang='lat' dir='ltr'>vatic.-</span> 
     </span>
     <span class='ocr_line' id='line_1_23' title="bbox 395 1339 1785 1388; baseline -0.001 -13"><span class='ocrx_word' id='word_1_164' title='bbox 395 1342 495 1376; x_wconf 84' lang='lat'>1862</span> <span class='ocrx_word' id='word_1_165' title='bbox 525 1343 558 1376; x_wconf 73' lang='grc' dir='ltr'>δε</span> <span class='ocrx_word' id='word_1_166' title='bbox 587 1342 689 1388; x_wconf 84' lang='grc'><strong>4498</strong></span> <span class='ocrx_word' id='word_1_167' title='bbox 705 1367 715 1382; x_wconf 92' lang='grc'>,</span> <span class='ocrx_word' id='word_1_168' title='bbox 744 1339 935 1385; x_wconf 79' lang='lat' dir='ltr'>infirmitate</span> <span class='ocrx_word' id='word_1_169' title='bbox 952 1339 1010 1385; x_wconf 83' lang='lat' dir='ltr'>fed</span> <span class='ocrx_word' id='word_1_170' title='bbox 1034 1341 1160 1386; x_wconf 81' lang='lat' dir='ltr'>jejunio</span> <span class='ocrx_word' id='word_1_171' title='bbox 1184 1340 1416 1388; x_wconf 70' lang='lat' dir='ltr'>confiequentur.</span> <span class='ocrx_word' id='word_1_172' title='bbox 1439 1339 1564 1377; x_wconf 85' lang='lat' dir='ltr'>Editio</span> <span class='ocrx_word' id='word_1_173' title='bbox 1592 1339 1785 1388; x_wconf 85' lang='lat' dir='ltr'>princeps,</span> 
     </span>
     <span class='ocr_line' id='line_1_24' title="bbox 392 1388 1787 1439; baseline -0.001 -15"><span class='ocrx_word' id='word_1_174' title='bbox 392 1390 629 1437; x_wconf 79' lang='lat' dir='ltr'>infirmitatem.</span> <span class='ocrx_word' id='word_1_175' title='bbox 653 1388 872 1425; x_wconf 81' lang='lat' dir='ltr'>Puteolanus</span> <span class='ocrx_word' id='word_1_176' title='bbox 888 1416 897 1431; x_wconf 88' lang='lat'>‚</span> <span class='ocrx_word' id='word_1_177' title='bbox 915 1390 1091 1433; x_wconf 72' lang='lat' dir='ltr'>sanitatem</span> <span class='ocrx_word' id='word_1_178' title='bbox 1102 1389 1160 1433; x_wconf 80' lang='lat' dir='ltr'>sed</span> <span class='ocrx_word' id='word_1_179' title='bbox 1176 1392 1300 1438; x_wconf 83' lang='lat' dir='ltr'>jejunio</span> <span class='ocrx_word' id='word_1_180' title='bbox 1322 1391 1574 1438; x_wconf 74' lang='lat' dir='ltr'>corzfiquuntur;</span> <span class='ocrx_word' id='word_1_181' title='bbox 1599 1389 1700 1439; x_wconf 88' lang='lat' dir='ltr'>quod</span> <span class='ocrx_word' id='word_1_182' title='bbox 1720 1389 1787 1423; x_wconf 87' lang='lat' dir='ltr'>im-</span> 
     </span>
     <span class='ocr_line' id='line_1_25' title="bbox 391 1437 1788 1489; baseline -0.001 -14"><span class='ocrx_word' id='word_1_183' title='bbox 391 1439 519 1475; x_wconf 79' lang='lat' dir='ltr'>merito</span> <span class='ocrx_word' id='word_1_184' title='bbox 541 1439 671 1487; x_wconf 88' lang='lat' dir='ltr'>probat</span> <span class='ocrx_word' id='word_1_185' title='bbox 688 1438 1012 1475; x_wconf 87' lang='lat' dir='ltr'>Schurzfleischius.</span> <span class='ocrx_word' id='word_1_186' title='bbox 1031 1437 1188 1487; x_wconf 75' lang='lat' dir='ltr'>Lipsius,</span> <span class='ocrx_word' id='word_1_187' title='bbox 1212 1439 1404 1486; x_wconf 77' lang='lat' dir='ltr'>infirmitate</span> <span class='ocrx_word' id='word_1_188' title='bbox 1428 1441 1464 1476; x_wconf 76' lang='lat'><strong><em>&amp;</em></strong></span> <span class='ocrx_word' id='word_1_189' title='bbox 1481 1443 1618 1489; x_wconf 81' lang='lat' dir='ltr'>jejunio.</span> <span class='ocrx_word' id='word_1_190' title='bbox 1642 1437 1788 1475; x_wconf 80' lang='lat' dir='ltr'>Rodol-</span> 
     </span>
     <span class='ocr_line' id='line_1_26' title="bbox 391 1488 1089 1538; baseline 0.001 -15"><span class='ocrx_word' id='word_1_191' title='bbox 391 1489 487 1538; x_wconf 89' lang='lat' dir='ltr'>phus</span> <span class='ocrx_word' id='word_1_192' title='bbox 505 1517 515 1532; x_wconf 88' lang='lat'><strong><em>,</em></strong></span> <span class='ocrx_word' id='word_1_193' title='bbox 548 1502 609 1523; x_wconf 88' lang='lat' dir='ltr'>non</span> <span class='ocrx_word' id='word_1_194' title='bbox 635 1488 825 1536; x_wconf 83' lang='lat' dir='ltr'>infirmitate</span> <span class='ocrx_word' id='word_1_195' title='bbox 842 1515 853 1532; x_wconf 84' lang='lat'>‚</span> <span class='ocrx_word' id='word_1_196' title='bbox 875 1489 932 1535; x_wconf 84' lang='lat' dir='ltr'>sed</span> <span class='ocrx_word' id='word_1_197' title='bbox 951 1490 1089 1536; x_wconf 77' lang='lat' dir='ltr'>jejunio·</span> 
     </span>
    </p>

    <p class='ocr_par' dir='ltr' id='par_1_13' title="bbox 390 1537 1789 1685">
     <span class='ocr_line' id='line_1_27' title="bbox 444 1537 1789 1583; baseline -0.001 -8"><span class='ocrx_word' id='word_1_198' title='bbox 444 1539 687 1575; x_wconf 76' lang='lat' dir='ltr'><strong>ANXIETATE</strong></span> <span class='ocrx_word' id='word_1_199' title='bbox 719 1550 937 1575; x_wconf 86' lang='lat' dir='ltr'><strong>CONTINGIT</strong></span> <span class='ocrx_word' id='word_1_200' title='bbox 963 1541 980 1583; x_wconf 98' lang='lat'>]</span> <span class='ocrx_word' id='word_1_201' title='bbox 1012 1537 1066 1573; x_wconf 85' lang='lat' dir='ltr'>Ita</span> <span class='ocrx_word' id='word_1_202' title='bbox 1092 1537 1169 1574; x_wconf 68' lang='grc' dir='ltr'>ΜΠ.</span> <span class='ocrx_word' id='word_1_203' title='bbox 1193 1537 1310 1574; x_wconf 78' lang='lat' dir='ltr'>vatic.</span> <span class='ocrx_word' id='word_1_204' title='bbox 1335 1539 1499 1576; x_wconf 75' lang='lat' dir='ltr'>Absurde</span> <span class='ocrx_word' id='word_1_205' title='bbox 1522 1539 1701 1576; x_wconf 86' lang='lat' dir='ltr'>editiones</span> <span class='ocrx_word' id='word_1_206' title='bbox 1727 1549 1789 1574; x_wconf 91' lang='lat' dir='ltr'>ve-</span> 
     </span>
     <span class='ocr_line' id='line_1_28' title="bbox 390 1587 1787 1636; baseline -0.001 -12"><span class='ocrx_word' id='word_1_207' title='bbox 390 1597 482 1625; x_wconf 83' lang='lat' dir='ltr'>teres</span> <span class='ocrx_word' id='word_1_208' title='bbox 497 1617 506 1632; x_wconf 90' lang='lat'>,</span> <span class='ocrx_word' id='word_1_209' title='bbox 540 1591 703 1624; x_wconf 75' lang='lat' dir='ltr'>anxietati</span> <span class='ocrx_word' id='word_1_210' title='bbox 728 1588 877 1636; x_wconf 80' lang='lat' dir='ltr'>confixit.</span> <span class='ocrx_word' id='word_1_211' title='bbox 903 1587 948 1623; x_wconf 94' lang='lat' dir='ltr'>In</span> <span class='ocrx_word' id='word_1_212' title='bbox 970 1587 1232 1624; x_wconf 86' lang='lat' dir='ltr'>recentioribus</span> <span class='ocrx_word' id='word_1_213' title='bbox 1254 1589 1481 1626; x_wconf 86' lang='lat' dir='ltr'>emendatum</span> <span class='ocrx_word' id='word_1_214' title='bbox 1501 1589 1639 1632; x_wconf 82' lang='lat' dir='ltr'>fuerat,</span> <span class='ocrx_word' id='word_1_215' title='bbox 1668 1591 1787 1624; x_wconf 82' lang='lat' dir='ltr'>anxie-</span> 
     </span>
     <span class='ocr_line' id='line_1_29' title="bbox 392 1641 666 1685; baseline 0 -12"><span class='ocrx_word' id='word_1_216' title='bbox 392 1650 457 1674; x_wconf 79' lang='lat' dir='ltr'>tate</span> <span class='ocrx_word' id='word_1_217' title='bbox 488 1641 666 1685; x_wconf 78' lang='lat' dir='ltr'>contingat.</span> 
     </span>
    </p>

    <p class='ocr_par' dir='ltr' id='par_1_14' title="bbox 443 1687 1557 1736">
     <span class='ocr_line' id='line_1_30' title="bbox 443 1687 1557 1736; baseline 0.003 -14"><span class='ocrx_word' id='word_1_218' title='bbox 443 1687 573 1723; x_wconf 75' lang='lat' dir='ltr'>PROPE</span> <span class='ocrx_word' id='word_1_219' title='bbox 603 1699 719 1723; x_wconf 85' lang='lat' dir='ltr'>ABEST</span> <span class='ocrx_word' id='word_1_220' title='bbox 745 1691 762 1733; x_wconf 99' lang='lat'>]</span> <span class='ocrx_word' id='word_1_221' title='bbox 795 1688 893 1723; x_wconf 76' lang='lat' dir='ltr'>Male</span> <span class='ocrx_word' id='word_1_222' title='bbox 919 1698 1056 1724; x_wconf 87' lang='lat' dir='ltr'>veteres</span> <span class='ocrx_word' id='word_1_223' title='bbox 1083 1687 1285 1731; x_wconf 86' lang='lat' dir='ltr'>editiones,</span> <span class='ocrx_word' id='word_1_224' title='bbox 1311 1690 1439 1734; x_wconf 78' lang='lat' dir='ltr'>proprie&#39;</span> <span class='ocrx_word' id='word_1_225' title='bbox 1462 1689 1557 1736; x_wconf 73' lang='lat' dir='ltr'>abest.</span> 
     </span>
    </p>

    <p class='ocr_par' dir='ltr' id='par_1_15' title="bbox 390 1737 1790 1887">
     <span class='ocr_line' id='line_1_31' title="bbox 440 1737 1789 1786; baseline -0.001 -13"><span class='ocrx_word' id='word_1_226' title='bbox 440 1737 669 1773; x_wconf 76' lang='lat' dir='ltr'>GRAV1TAT1</span> <span class='ocrx_word' id='word_1_227' title='bbox 699 1749 874 1774; x_wconf 75' lang='lat' dir='ltr'>SENSUUM</span> <span class='ocrx_word' id='word_1_228' title='bbox 903 1749 1084 1774; x_wconf 81' lang='lat' dir='ltr'>NlToREM</span> <span class='ocrx_word' id='word_1_229' title='bbox 1105 1741 1123 1783; x_wconf 97' lang='lat'>]</span> <span class='ocrx_word' id='word_1_230' title='bbox 1149 1737 1192 1772; x_wconf 90' lang='lat' dir='ltr'>In</span> <span class='ocrx_word' id='word_1_231' title='bbox 1213 1737 1392 1774; x_wconf 86' lang='lat' dir='ltr'>veteribus</span> <span class='ocrx_word' id='word_1_232' title='bbox 1411 1737 1652 1780; x_wconf 79' lang='lat' dir='ltr'>editionibus,</span> <span class='ocrx_word' id='word_1_233' title='bbox 1672 1739 1789 1786; x_wconf 75' lang='lat' dir='ltr'>gravi-</span> 
     </span>
     <span class='ocr_line' id='line_1_32' title="bbox 392 1785 1790 1836; baseline -0.001 -14"><span class='ocrx_word' id='word_1_234' title='bbox 392 1789 467 1822; x_wconf 80' lang='lat' dir='ltr'>tati.</span> <span class='ocrx_word' id='word_1_235' title='bbox 494 1786 659 1823; x_wconf 86' lang='lat' dir='ltr'>Ernestus</span> <span class='ocrx_word' id='word_1_236' title='bbox 674 1817 682 1829; x_wconf 94' lang='lat'>,</span> <span class='ocrx_word' id='word_1_237' title='bbox 713 1790 888 1834; x_wconf 76' lang='lat' dir='ltr'>gravitate.</span> <span class='ocrx_word' id='word_1_238' title='bbox 916 1787 993 1823; x_wconf 66' lang='lat' dir='ltr'>Mis.</span> <span class='ocrx_word' id='word_1_239' title='bbox 1018 1786 1134 1822; x_wconf 86' lang='lat' dir='ltr'>Vatic.</span> <span class='ocrx_word' id='word_1_240' title='bbox 1152 1787 1301 1834; x_wconf 66' lang='lat' dir='ltr'>senfizum</span> <span class='ocrx_word' id='word_1_241' title='bbox 1325 1791 1458 1825; x_wconf 81' lang='lat' dir='ltr'>nitorem</span> <span class='ocrx_word' id='word_1_242' title='bbox 1474 1817 1483 1833; x_wconf 87' lang='lat'>‚</span> <span class='ocrx_word' id='word_1_243' title='bbox 1512 1798 1553 1824; x_wconf 88' lang='lat' dir='ltr'>ut</span> <span class='ocrx_word' id='word_1_244' title='bbox 1573 1787 1711 1836; x_wconf 82' lang='lat' dir='ltr'>optime</span> <span class='ocrx_word' id='word_1_245' title='bbox 1735 1785 1790 1823; x_wconf 87' lang='lat' dir='ltr'>di-</span> 
     </span>
     <span class='ocr_line' id='line_1_33' title="bbox 390 1836 1762 1887; baseline 0.001 -15"><span class='ocrx_word' id='word_1_246' title='bbox 390 1836 578 1873; x_wconf 83' lang='lat' dir='ltr'>vinaverat</span> <span class='ocrx_word' id='word_1_247' title='bbox 602 1836 800 1873; x_wconf 88' lang='lat' dir='ltr'>Acidalius.</span> <span class='ocrx_word' id='word_1_248' title='bbox 827 1837 1016 1884; x_wconf 85' lang='lat' dir='ltr'>Perperam</span> <span class='ocrx_word' id='word_1_249' title='bbox 1038 1836 1120 1872; x_wconf 91' lang='lat' dir='ltr'>libri</span> <span class='ocrx_word' id='word_1_250' title='bbox 1144 1849 1269 1874; x_wconf 89' lang='lat' dir='ltr'>ornnes</span> <span class='ocrx_word' id='word_1_251' title='bbox 1295 1837 1405 1879; x_wconf 80' lang='lat' dir='ltr'>editi,</span> <span class='ocrx_word' id='word_1_252' title='bbox 1429 1840 1591 1887; x_wconf 78' lang='lat' dir='ltr'>summurn</span> <span class='ocrx_word' id='word_1_253' title='bbox 1615 1840 1762 1874; x_wconf 81' lang='lat' dir='ltr'>nitorem.</span> 
     </span>
    </p>

    <p class='ocr_par' dir='ltr' id='par_1_16' title="bbox 386 1887 1788 2083">
     <span class='ocr_line' id='line_1_34' title="bbox 447 1887 1788 1933; baseline 0.001 -11"><span class='ocrx_word' id='word_1_254' title='bbox 447 1888 505 1922; x_wconf 82' lang='lat' dir='ltr'>EA</span> <span class='ocrx_word' id='word_1_255' title='bbox 536 1898 844 1923; x_wconf 82' lang='lat' dir='ltr'><strong>SENTENTIARUM</strong></span> <span class='ocrx_word' id='word_1_256' title='bbox 873 1897 1063 1922; x_wconf 83' lang='lat' dir='ltr'>PLANlTAs</span> <span class='ocrx_word' id='word_1_257' title='bbox 1091 1899 1155 1921; x_wconf 82' lang='lat' dir='ltr'>EST</span> <span class='ocrx_word' id='word_1_258' title='bbox 1184 1891 1201 1933; x_wconf 97' lang='lat'>]</span> <span class='ocrx_word' id='word_1_259' title='bbox 1241 1887 1297 1923; x_wconf 82' lang='lat' dir='ltr'>Ita</span> <span class='ocrx_word' id='word_1_260' title='bbox 1331 1887 1409 1924; x_wconf 83' lang='lat' dir='ltr'>Mff.</span> <span class='ocrx_word' id='word_1_261' title='bbox 1450 1888 1568 1924; x_wconf 84' lang='lat' dir='ltr'>Vatic.</span> <span class='ocrx_word' id='word_1_262' title='bbox 1614 1887 1713 1923; x_wconf 79' lang='lat'>1862</span> <span class='ocrx_word' id='word_1_263' title='bbox 1752 1888 1788 1923; x_wconf 88' lang='lat'>&amp;</span> 
     </span>
     <span class='ocr_line' id='line_1_35' title="bbox 390 1935 1786 1986; baseline -0.001 -14"><span class='ocrx_word' id='word_1_264' title='bbox 390 1938 508 1982; x_wconf 83' lang='grc'><strong>4498.</strong></span> <span class='ocrx_word' id='word_1_265' title='bbox 535 1937 585 1971; x_wconf 84' lang='lat' dir='ltr'>Ea</span> <span class='ocrx_word' id='word_1_266' title='bbox 608 1949 756 1986; x_wconf 87' lang='lat' dir='ltr'>quoque</span> <span class='ocrx_word' id='word_1_267' title='bbox 784 1936 956 1985; x_wconf 86' lang='lat' dir='ltr'>reperitur</span> <span class='ocrx_word' id='word_1_268' title='bbox 988 1936 1024 1971; x_wconf 91' lang='lat' dir='ltr'>in</span> <span class='ocrx_word' id='word_1_269' title='bbox 1056 1935 1236 1972; x_wconf 86' lang='lat' dir='ltr'>veteribus</span> <span class='ocrx_word' id='word_1_270' title='bbox 1260 1937 1481 1974; x_wconf 85' lang='lat' dir='ltr'>editionibus</span> <span class='ocrx_word' id='word_1_271' title='bbox 1507 1951 1514 1973; x_wconf 91' lang='lat'>:</span> <span class='ocrx_word' id='word_1_272' title='bbox 1540 1936 1634 1973; x_wconf 82' lang='lat' dir='ltr'>abest</span> <span class='ocrx_word' id='word_1_273' title='bbox 1660 1937 1786 1972; x_wconf 88' lang='lat' dir='ltr'>imme-</span> 
     </span>
     <span class='ocr_line' id='line_1_36' title="bbox 391 1985 1784 2035; baseline 0.002 -15"><span class='ocrx_word' id='word_1_274' title='bbox 391 1985 460 2020; x_wconf 77' lang='lat' dir='ltr'>1ito</span> <span class='ocrx_word' id='word_1_275' title='bbox 484 1998 504 2020; x_wconf 84' lang='lat' dir='ltr'>a</span> <span class='ocrx_word' id='word_1_276' title='bbox 527 1986 804 2022; x_wconf 32' lang='lat' dir='ltr'>recentioribus*</span> <span class='ocrx_word' id='word_1_277' title='bbox 822 1986 879 2034; x_wconf 86' lang='lat' dir='ltr'>Est</span> <span class='ocrx_word' id='word_1_278' title='bbox 899 1986 938 2022; x_wconf 89' lang='lat' dir='ltr'>in</span> <span class='ocrx_word' id='word_1_279' title='bbox 956 1985 1125 2022; x_wconf 88' lang='lat' dir='ltr'>omnibus</span> <span class='ocrx_word' id='word_1_280' title='bbox 1146 1986 1320 2024; x_wconf 74' lang='lat' dir='ltr'>omissum.</span> <span class='ocrx_word' id='word_1_281' title='bbox 1338 1987 1406 2024; x_wconf 87' lang='lat' dir='ltr'>Ms.</span> <span class='ocrx_word' id='word_1_282' title='bbox 1427 1987 1544 2026; x_wconf 81' lang='lat' dir='ltr'>Vatic.</span> <span class='ocrx_word' id='word_1_283' title='bbox 1567 1989 1689 2033; x_wconf 84' lang='lat'><em>1518,</em></span> <span class='ocrx_word' id='word_1_284' title='bbox 1713 1997 1784 2035; x_wconf 87' lang='lat' dir='ltr'>pro</span> 
     </span>
     <span class='ocr_line' id='line_1_37' title="bbox 386 2035 841 2083; baseline 0.009 -15"><span class='ocrx_word' id='word_1_285' title='bbox 386 2036 532 2080; x_wconf 78' lang='lat' dir='ltr'>planitas</span> <span class='ocrx_word' id='word_1_286' title='bbox 559 2035 668 2072; x_wconf 86' lang='lat' dir='ltr'>habet</span> <span class='ocrx_word' id='word_1_287' title='bbox 687 2038 841 2083; x_wconf 78' lang='lat' dir='ltr'>plenitas.</span> 
     </span>
    </p>
   </div>
   <div class='ocr_carea' id='block_1_4' title="bbox 389 2132 1787 2434">
    <p class='ocr_par' dir='ltr' id='par_1_17' title="bbox 389 2132 1787 2234">
     <span class='ocr_line' id='line_1_38' title="bbox 444 2132 1787 2183; baseline 0 -14"><span class='ocrx_word' id='word_1_288' title='bbox 444 2132 551 2169; x_wconf 90' lang='lat' dir='ltr'>CAP.</span> <span class='ocrx_word' id='word_1_289' title='bbox 578 2134 708 2170; x_wconf 87' lang='lat' dir='ltr'><strong>XXIV.</strong></span> <span class='ocrx_word' id='word_1_290' title='bbox 728 2134 949 2171; x_wconf 78' lang='lat' dir='ltr'><strong>IMMUTASSE</strong></span> <span class='ocrx_word' id='word_1_291' title='bbox 970 2146 1052 2171; x_wconf 86' lang='lat' dir='ltr'>NON</span> <span class='ocrx_word' id='word_1_292' title='bbox 1074 2138 1221 2181; x_wconf 82' lang='lat' dir='ltr'>DEBES]</span> <span class='ocrx_word' id='word_1_293' title='bbox 1245 2135 1322 2171; x_wconf 86' lang='lat' dir='ltr'>Mss.</span> <span class='ocrx_word' id='word_1_294' title='bbox 1346 2136 1463 2173; x_wconf 82' lang='lat' dir='ltr'>Vatic.</span> <span class='ocrx_word' id='word_1_295' title='bbox 1490 2137 1589 2173; x_wconf 82' lang='lat'>1862</span> <span class='ocrx_word' id='word_1_296' title='bbox 1609 2137 1644 2171; x_wconf 77' lang='grc' dir='ltr'>δε</span> <span class='ocrx_word' id='word_1_297' title='bbox 1663 2134 1787 2183; x_wconf 79' lang='grc'><strong>4498,</strong></span> 
     </span>
     <span class='ocr_line' id='line_1_39' title="bbox 389 2183 1425 2234; baseline 0.005 -16"><span class='ocrx_word' id='word_1_298' title='bbox 389 2195 451 2218; x_wconf 88' lang='lat' dir='ltr'>non</span> <span class='ocrx_word' id='word_1_299' title='bbox 475 2183 576 2219; x_wconf 69' lang='lat' dir='ltr'>dehet.</span> <span class='ocrx_word' id='word_1_300' title='bbox 592 2186 786 2233; x_wconf 85' lang='lat' dir='ltr'>Perpetam</span> <span class='ocrx_word' id='word_1_301' title='bbox 812 2195 950 2222; x_wconf 85' lang='lat' dir='ltr'>veteres</span> <span class='ocrx_word' id='word_1_302' title='bbox 977 2185 1158 2221; x_wconf 84' lang='lat' dir='ltr'>editiones</span> <span class='ocrx_word' id='word_1_303' title='bbox 1174 2212 1184 2228; x_wconf 84' lang='lat'><strong>,</strong></span> <span class='ocrx_word' id='word_1_304' title='bbox 1212 2188 1260 2220; x_wconf 82' lang='lat' dir='ltr'>ita</span> <span class='ocrx_word' id='word_1_305' title='bbox 1286 2187 1425 2234; x_wconf 70' lang='lat' dir='ltr'>mutaffi’.</span> 
     </span>
    </p>

    <p class='ocr_par' dir='ltr' id='par_1_18' title="bbox 391 2230 1787 2381">
     <span class='ocr_line' id='line_1_40' title="bbox 440 2230 1787 2282; baseline 0.001 -16"><span class='ocrx_word' id='word_1_306' title='bbox 440 2230 498 2267; x_wconf 85' lang='lat' dir='ltr'>ET</span> <span class='ocrx_word' id='word_1_307' title='bbox 532 2245 554 2268; x_wconf 83' lang='lat' dir='ltr'>A</span> <span class='ocrx_word' id='word_1_308' title='bbox 584 2246 734 2270; x_wconf 67' lang='lat' dir='ltr'>vsssTms</span> <span class='ocrx_word' id='word_1_309' title='bbox 763 2247 1012 2272; x_wconf 81' lang='lat' dir='ltr'><strong>PHILOSOPHIS</strong></span> <span class='ocrx_word' id='word_1_310' title='bbox 1037 2239 1054 2282; x_wconf 94' lang='lat'>]</span> <span class='ocrx_word' id='word_1_311' title='bbox 1086 2234 1141 2270; x_wconf 89' lang='lat' dir='ltr'>Ita</span> <span class='ocrx_word' id='word_1_312' title='bbox 1166 2234 1245 2270; x_wconf 85' lang='lat' dir='ltr'>Mff.</span> <span class='ocrx_word' id='word_1_313' title='bbox 1273 2235 1389 2271; x_wconf 83' lang='lat' dir='ltr'>Vatic.</span> <span class='ocrx_word' id='word_1_314' title='bbox 1419 2237 1518 2280; x_wconf 80' lang='lat'>1518</span> <span class='ocrx_word' id='word_1_315' title='bbox 1543 2237 1576 2271; x_wconf 77' lang='grc' dir='ltr'>δε</span> <span class='ocrx_word' id='word_1_316' title='bbox 1599 2234 1716 2280; x_wconf 83' lang='grc'><strong>4498.</strong></span> <span class='ocrx_word' id='word_1_317' title='bbox 1742 2231 1787 2267; x_wconf 84' lang='lat' dir='ltr'>In</span> 
     </span>
     <span class='ocr_line' id='line_1_41' title="bbox 391 2281 1786 2333; baseline 0.001 -17"><span class='ocrx_word' id='word_1_318' title='bbox 391 2281 458 2317; x_wconf 84' lang='lat' dir='ltr'>Ms.</span> <span class='ocrx_word' id='word_1_319' title='bbox 483 2282 609 2318; x_wconf 82' lang='lat' dir='ltr'>Vatic.</span> <span class='ocrx_word' id='word_1_320' title='bbox 643 2285 740 2321; x_wconf 80' lang='lat'>1862</span> <span class='ocrx_word' id='word_1_321' title='bbox 757 2312 767 2328; x_wconf 88' lang='lat'>,</span> <span class='ocrx_word' id='word_1_322' title='bbox 798 2286 834 2320; x_wconf 67' lang='lat' dir='ltr'>&amp;x</span> <span class='ocrx_word' id='word_1_323' title='bbox 859 2299 878 2320; x_wconf 86' lang='lat' dir='ltr'>a</span> <span class='ocrx_word' id='word_1_324' title='bbox 904 2285 1016 2333; x_wconf 85' lang='lat' dir='ltr'>nostris</span> <span class='ocrx_word' id='word_1_325' title='bbox 1034 2285 1236 2331; x_wconf 77' lang='lat' dir='ltr'>philofhphis.</span> <span class='ocrx_word' id='word_1_326' title='bbox 1255 2284 1355 2320; x_wconf 78' lang='lat' dir='ltr'>Libri</span> <span class='ocrx_word' id='word_1_327' title='bbox 1374 2284 1486 2328; x_wconf 90' lang='lat' dir='ltr'>editi,</span> <span class='ocrx_word' id='word_1_328' title='bbox 1511 2286 1547 2320; x_wconf 60' lang='grc' dir='ltr'>δ’</span> <span class='ocrx_word' id='word_1_329' title='bbox 1565 2287 1638 2320; x_wconf 81' lang='lat' dir='ltr'>aliis</span> <span class='ocrx_word' id='word_1_330' title='bbox 1660 2281 1786 2331; x_wconf 63' lang='lat' dir='ltr'>vestris.</span> 
     </span>
     <span class='ocr_line' id='line_1_42' title="bbox 391 2330 1294 2381; baseline 0.004 -14"><span class='ocrx_word' id='word_1_331' title='bbox 391 2330 502 2367; x_wconf 88' lang='lat' dir='ltr'>Unde</span> <span class='ocrx_word' id='word_1_332' title='bbox 527 2331 664 2380; x_wconf 88' lang='lat' dir='ltr'>Lipfius</span> <span class='ocrx_word' id='word_1_333' title='bbox 688 2334 931 2381; x_wconf 80' lang='lat' dir='ltr'>conjiciebat,</span> <span class='ocrx_word' id='word_1_334' title='bbox 958 2336 996 2370; x_wconf 62' lang='lat' dir='ltr'>gy</span> <span class='ocrx_word' id='word_1_335' title='bbox 1019 2335 1104 2370; x_wconf 70' lang='lat' dir='ltr'>alitis</span> <span class='ocrx_word' id='word_1_336' title='bbox 1125 2347 1145 2368; x_wconf 87' lang='lat' dir='ltr'>a</span> <span class='ocrx_word' id='word_1_337' title='bbox 1170 2334 1294 2380; x_wconf 71' lang='lat' dir='ltr'>vestris.</span> 
     </span>
    </p>

    <p class='ocr_par' dir='ltr' id='par_1_19' title="bbox 438 2380 1787 2434">
     <span class='ocr_line' id='line_1_43' title="bbox 438 2380 1787 2434; baseline 0.001 -18"><span class='ocrx_word' id='word_1_338' title='bbox 438 2380 627 2420; x_wconf 72' lang='lat' dir='ltr'><strong>EXPROME</strong></span> <span class='ocrx_word' id='word_1_339' title='bbox 654 2395 763 2420; x_wconf 78' lang='lat' dir='ltr'><strong>NOBIS</strong></span> <span class='ocrx_word' id='word_1_340' title='bbox 789 2388 807 2431; x_wconf 94' lang='lat'>]</span> <span class='ocrx_word' id='word_1_341' title='bbox 837 2383 1021 2422; x_wconf 74' lang='lat' dir='ltr'>BeneMss&#39;.</span> <span class='ocrx_word' id='word_1_342' title='bbox 1034 2384 1150 2421; x_wconf 81' lang='lat' dir='ltr'>Vatic.</span> <span class='ocrx_word' id='word_1_343' title='bbox 1176 2383 1234 2420; x_wconf 89' lang='lat' dir='ltr'>Sic</span> <span class='ocrx_word' id='word_1_344' title='bbox 1252 2395 1397 2434; x_wconf 86' lang='lat' dir='ltr'>quoque</span> <span class='ocrx_word' id='word_1_345' title='bbox 1424 2383 1592 2434; x_wconf 76' lang='lat' dir='ltr'>placebat</span> <span class='ocrx_word' id='word_1_346' title='bbox 1604 2380 1787 2418; x_wconf 80' lang='lat' dir='ltr'>Acidalio.</span> 
     </span>
    </p>
   </div>
  </div>
 </body>
</html>
