1952 2708
402 171 742 215 DIALOGUS
777 171 860 214 DE
896 173 1329 216 ORATORIBUS.
1477 188 1561 225 137

172 255 428 311 Vespasianus
444 250 734 308 rempublicam
748 251 862 292 fovet
878 282 890 301 ‚
906 266 1068 292 centum
1084 257 1123 292 ὃ(
1138 256 1282 308 viginti
1297 255 1390 296 anni
1408 260 1418 277 ¹
1436 254 1482 296 ab
1506 257 1561 297 in-

169 321 290 360 teritu
304 317 515 357 Ciceronis
530 317 570 355 in
589 316 697 355 hunc
716 314 822 355 diem
839 314 1108 369 colliguntur,
1131 317 1246 356 unius
1264 319 1437 359 hominis
1455 332 1559 360 aetas.

166 383 276 424 Nam
300 380 382 436 ipse
415 394 492 434 ego
531 380 571 418 in
597 377 803 419 Britannia
838 378 920 418 vidi
946 378 1106 428 senem,
1142 379 1209 431 qui
1233 378 1272 418 se
1308 380 1496 420 fateretur
1521 383 1558 422 ei

167 459 310 500 pugnae
331 447 345 464 ²
367 442 605 492 interfuisse,
626 440 701 496 qua
719 441 913 481 Caesarem
931 441 1173 481 inferentem
1195 456 1300 482 arma
1324 441 1558 494 Britanniae,

117 523 140 563 5
168 521 301 548 arcere
326 505 536 555 litoribus,
564 508 603 545 ὅ(
631 504 780 560 pellere
801 503 964 558 adgressi
989 504 1090 544 sunt.
1116 504 1177 544 Ita
1202 503 1227 542 fi
1253 518 1342 544 eum
1359 535 1372 555 ,
1400 507 1466 559 qui
1495 521 1557 547 ar-

165 583 294 611 matus
319 569 366 610 C.
389 569 531 609 Caesari
550 568 715 618 restitit,
737 566 803 608 vel
823 568 1033 622 captivitas
1048 596 1060 616 ‚
1086 565 1152 607 vel
1175 566 1362 607 voluntas
1377 597 1388 616 ,
1410 568 1475 608 vel
1498 569 1557 609 fa-

163 646 251 675 tum
278 632 440 686 aliquod
463 633 504 672 in
529 629 678 671 Urbem
703 630 948 686 pertraxisset
965 661 977 680 ,
1004 630 1110 670 idem
1139 629 1333 670 Caesarem
1360 631 1487 685 ipsum
1514 636 1556 673 ὃς

167 696 412 737 Ciceronem
433 694 567 735 audire
591 695 748 749 potuit,
777 698 818 734 &
843 695 981 734 nostris
1011 708 1171 747 quoque
1194 692 1413 734 afflonibus
1439 695 1556 734 inter-

165 760 254 800 esse.
275 759 465 799 Proximo
484 757 646 811 quidem
667 758 875 811 congiario
899 761 908 785 ³
935 757 1005 812 ipsi
1024 756 1171 797 vidistis
1192 756 1402 812 plerosque
1423 757 1556 807 senes,

91 841 142 868 10
167 824 234 877 qui
259 823 298 862 se
321 837 341 862 a
366 821 461 861 divo
485 835 644 874 quoque
676 821 857 874 Augusto
885 818 1008 860 semel
1035 833 1152 873 atque
1180 820 1324 860 iterum
1359 819 1555 875 accepisse

166 886 416 939 congiarium
439 882 669 924 narrabant:
698 897 748 923 ex
771 898 850 936 quo
876 882 1018 936 colligi
1043 883 1197 938 potest,
1223 887 1264 923 ὅ(
1290 883 1515 924 Corvinum
1538 887 1556 911 ⁴

165 948 212 989 ab
238 947 316 988 illis
339 951 380 987 &
404 947 584 986 Asinium
607 946 732 986 audiri
754 946 935 1002 potuiffe.
957 947 1066 986 Nam
1089 946 1290 986 Corvinus
1314 948 1355 985 in
1378 946 1555 986 medium

166 1012 289 1065 usque
308 1011 475 1064 Augusti
502 1011 769 1065 principatum
784 1039 796 1059 ,
819 1009 976 1049 Asinius
997 1024 1106 1065 paene
1127 1009 1176 1049 ad
1195 1022 1418 1049 extremum
1440 1009 1556 1050 dura-

169 1076 236 1115 vit.
260 1075 354 1114 Nec
383 1073 568 1113 dividatis
597 1071 783 1113 saeculum
802 1101 813 1122 ,
846 1076 886 1113 ὃς
916 1074 1099 1126 antiquos
1130 1087 1176 1112 ac
1206 1085 1360 1112 veteres
1399 1074 1556 1113 vocetis

91 1151 138 1189 15
168 1149 343 1178 oratores
358 1165 369 1186 ‚
393 1151 492 1190 quos
514 1135 747 1176 eorumdem
773 1136 983 1175 hominum
1007 1150 1118 1176 aures
1138 1136 1355 1190 agnoscere
1376 1151 1422 1176 ac
1443 1134 1556 1176 velut

170 1199 418 1254 conjungere
445 1203 485 1239 δε
513 1198 704 1254 copulare
729 1212 958 1253 potuerunt.

231 1262 412 1304 XVIII.
447 1263 565 1303 HAEC
591 1261 684 1301 ideo
710 1261 900 1315 praedixi,
929 1274 972 1300 ut
995 1262 1019 1299 si
1047 1276 1148 1314 qua,
1177 1276 1226 1301 ex
1256 1263 1399 1302 horum
1426 1274 1555 1303 orato-

167 1341 254 1366 rum
285 1323 391 1366 fama
424 1322 631 1378 gloriaque
648 1353 660 1373 ‚
694 1322 779 1364 laus
817 1323 1063 1379 temporibus
1095 1324 1340 1378 adquiritur,
1372 1325 1555 1365 eamdem

166 1389 353 1430 docerem
385 1389 427 1427 in
462 1387 596 1427 medio
626 1387 760 1437 sitam,
791 1391 832 1427 &
871 1388 1102 1442 propiorem
1129 1386 1245 1428 nobis
1267 1417 1279 1438 ,
1320 1386 1437 1442 quarn
1470 1390 1556 1429 Ser.

87 1467 142 1494 20
169 1451 305 1493 Galbae
334 1455 376 1503 5,
404 1450 452 1491 C.
474 1449 652 1491 Carboni
679 1448 722 1502 ⁶,
744 1450 920 1505 quosque
940 1450 1040 1493 alios
1059 1451 1242 1505 antiquos
1264 1451 1409 1493 merito
1432 1467 1555 1493 voca-

211 1594 219 1608 ‘
252 1590 387 1619 Caurum
418 1599 457 1618 ET
495 1598 621 1620 vicium
653 1590 748 1626 Armi]
773 1589 840 1618 Ro-
879 1587 1059 1618 dationibus
1073 1588 1110 1617 ad
1130 1598 1195 1627 cap.
1219 1598 1264 1625 17.
1289 1587 1400 1626 Ibique
1421 1585 1554 1616 illustra-

169 1628 266 1658 tunde
309 1627 434 1658 dicrum.
467 1628 547 1657 Nam
572 1627 654 1657 inter
678 1628 841 1658 Ciceronis
878 1627 961 1657 bitur
988 1627 1145 1667 egregium
1171 1628 1312 1657 Caesareae
1349 1625 1555 1656 Bibliotheca:

169 1676 304 1698 mortem
329 1668 363 1697 ὃ(
389 1666 561 1705 Vespasiani
582 1677 698 1698 annum
722 1667 841 1698 sextum
879 1666 1132 1697 vindobonensis
1153 1675 1404 1697 monumentum.

168 1705 238 1736 sunt
249 1709 371 1736 tantum
385 1707 458 1736 anni
480 1717 545 1743 ¹17·
917 1710 932 1729 4
953 1707 1162 1742 Convismi]
1181 1707 1357 1737 Corvinum
1378 1704 1554 1739 Messalam,

208 1750 220 1764 ²
243 1747 277 1775 Ei
294 1746 428 1782 PUGNAE]
462 1745 535 1776 Fuit
550 1745 614 1776 haec
636 1756 736 1786 pugna
755 1757 839 1777 anno
878 1745 912 1776 &
924 1745 1063 1776 Asinium
1080 1745 1259 1776 Pollionem
1272 1770 1281 1783 ,
1300 1746 1375 1784 saepe
1393 1744 1479 1782 supra
1492 1744 1556 1772 lau-

169 1785 258 1814 Urbis
279 1785 414 1815 conditae
433 1796 564 1816 Dcxmx.
590 1786 682 1815 Illum
705 1788 779 1816 vero
795 1787 841 1816 se·
879 1785 978 1815 datos.
1478 1820 1484 1825 ⁶
1509 1820 1514 1825 “

169 1833 242 1853 nem
263 1823 296 1853 in
319 1824 478 1854 Britannia
499 1824 606 1854 videre
626 1835 693 1855 non
719 1826 840 1863 potuit,
919 1830 927 1851 5
952 1826 1022 1855 δεμ.
1058 1827 1172 1856 GALBAE
1198 1825 1212 1861 ]
1244 1822 1366 1854 Servius
1399 1821 1555 1860 Sulpicius

169 1862 226 1892 nisi
246 1863 312 1901 post
324 1873 440 1894 annum
457 1863 546 1894 Urbis
561 1864 696 1894 conditae
712 1876 802 1895 Dccc.
879 1864 979 1894 Galba
993 1888 1000 1897 ,
1029 1865 1138 1895 consul
1163 1873 1246 1894 anno
1271 1864 1306 1892 U.
1323 1864 1360 1892 C.
1384 1872 1463 1896 nex,
1485 1860 1553 1903 elo.-

208 1907 218 1928 ³
243 1903 395 1933 PRoximo
410 1913 534 1938 ovim-:M
547 1906 742 1941 conclamo]
754 1904 843 1934 Bien-
879 1903 1008 1941 quentia
1025 1903 1168 1942 praestitit.
1191 1905 1232 1932 At
1246 1903 1308 1940 ejus
1321 1900 1481 1932 orationes
1493 1909 1556 1928 exi-

169 1941 226 1971 nio
238 1979 243 1985 ²
257 1950 328 1971 ante
360 1953 367 1971 z
396 1952 480 1973 anno
503 1942 675 1981 Vespasiani
701 1952 810 1982 quarto
833 1966 841 1978 ‚
879 1942 1030 1982 lim-essunt
1042 1943 1070 1972 ἰν
1085 1942 1235 1972 redolentes
1248 1941 1337 1980 magis
1351 1939 1554 1977 antiquizarem‚

168 1981 260 2010 Urbis
282 1980 417 2011 condita:
443 1992 605 2013 Deccxxv1
626 2005 635 2018 ‚
665 1982 771 2012 datum
803 1983 842 2013 est
879 1983 961 2019 qua‘m
984 1990 1033 2010 aur
1051 1981 1152 2018 Laelii,
1169 1989 1218 2010 aur
1233 1979 1387 2017 Scipionis,
1407 1979 1554 2007 autetiam

171 2019 249 2049 iilud
271 2019 465 2059 congiarium
487 2044 496 2057 ‚
520 2021 606 2058 cujus
627 2022 780 2052 memoria
793 2032 842 2052 ex·
879 2021 961 2060 ipsius
975 2020 1103 2050 Catonis.
1121 2021 1218 2059 Imque
1233 2027 1420 2052 exaruerunt,·
1438 2017 1555 2055 vixjam

167 2059 223 2088 stat
238 2058 271 2088 in
293 2069 423 2089 nummo
434 2059 632 2096 Domitiani,
657 2062 842 2091 CONG.11.
880 2070 909 2088 ατ
926 2070 1078 2096 appareant
1102 2084 1111 2098 ‚
1143 2060 1216 2090 teste
1232 2059 1389 2089 Cicerone
1409 2057 1446 2087 de
1466 2056 1555 2091 claris

169 2099 260 2128 COS.
290 2100 327 2128 ii.
366 2098 398 2127 id
423 2098 485 2134 est,
511 2097 691 2137 Congiarium
707 2099 842 2136 alterum,
880 2100 1066 2130 Oratoribus
1086 2122 1094 2134 ,
1125 2109 1190 2137 cap.
1218 2109 1267 2128 21.
1298 2098 1555 2128 Vide&Sueto-

169 2137 356 2168 Domitiano
379 2136 651 2176 confizlesecundi‘im.
665 2140 840 2168 Innummo
882 2138 968 2167 nium
996 2138 1028 2167 in
1048 2138 1168 2174 Galba,
1190 2139 1240 2167 111.
1270 2137 1316 2166 De
1347 2147 1384 2167 co
1406 2136 1467 2173 jam
1485 2134 1555 2165 dic-0

169 2187 298 2216 quoque
323 2176 390 2206 Titi
411 2200 420 2213 ,
453 2177 492 2206 T.
521 2177 676 2207 CAESAR
700 2176 841 2208 VESPA-
882 2186 948 2208 tum
965 2177 1052 2216 supra
1071 2178 1185 2206 Annal.
1207 2178 1272 2210 ΙΙΙ,
1293 2179 1344 2206 66.

169 2217 312 2247 SIANUS
331 2216 396 2245 TR.
419 2217 449 2245 P.
473 2217 560 2246 COS.
579 2217 618 2244 11.
634 2217 668 2246 &
681 2226 720 2245 ex
737 2216 844 2246 aversa
921 2217 934 2235 ⁶
956 2217 992 2246 C.
1005 2217 1176 2253 CARBONI]
1199 2216 1237 2245 C.
1261 2214 1394 2253 Papirius
1411 2214 1517 2244 Carbo
1545 2236 1556 2249 ‚

171 2263 272 2293 parre,
285 2256 416 2286 CONG.
429 2256 521 2285 TER.
546 2256 578 2284 P.
594 2255 629 2284 R.
646 2256 726 2285 IMP.
742 2256 843 2285 MAX.
883 2255 992 2285 consui
1013 2255 1072 2286 fuit
1087 2266 1170 2286 anno
1186 2257 1220 2284 U.
1244 2256 1279 2284 C.
1304 2254 1556 2285 Dcxxxw.Eum

171 2294 267 2324 DAT.
294 2295 325 2324 id
341 2295 380 2324 est
400 2318 408 2331 ,
425 2294 595 2333 congiarium
618 2295 725 2323 tertium
750 2294 844 2330 populo
884 2294 1006 2324 Tullius
1028 2318 1037 2331 ‚
1066 2295 1104 2324 de
1125 2294 1213 2324 claris
1231 2295 1318 2324 Orat.
1341 2303 1408 2332 cap.
1425 2303 1482 2329 27,
1503 2302 1556 2329 ap—

172 2332 294 2362 Romano
311 2332 437 2372 impensis
456 2333 584 2362 maximis
598 2332 700 2363 dacum.
727 2334 774 2364 De
798 2333 843 2364 his
885 2334 978 2371 pellat
998 2343 1128 2362 sariorum
1148 2342 1281 2362 oratorem
1295 2357 1303 2370 ‚
1330 2332 1360 2362 ὓ
1388 2331 1529 2361 volubilem
1548 2353 1558 2366 ‚

173 2371 301 2410 aliisque
325 2372 502 2416 Principum
526 2374 741 2403 Romanorum
769 2383 846 2403 con-
886 2372 916 2402 f:
942 2373 1017 2412 saris
1046 2383 1136 2402 acrem
1156 2395 1165 2408 ‚
1188 2382 1267 2411 atque
1289 2372 1408 2402 eumdem
1426 2370 1455 2400 cr
1478 2369 1559 2399 velze-

173 2411 277 2450 giariis
301 2410 391 2442 fufius
405 2412 524 2443 dicetur
536 2412 568 2442 in
581 2412 674 2444 Notis
687 2413 721 2445 &
735 2412 846 2444 Emen-
884 2422 999 2442 mentem
1010 2436 1020 2453 ,
1043 2411 1074 2443 tr
1090 2411 1170 2444 valde
1187 2411 1291 2442 dulcem
1307 2436 1316 2450 ‚
1337 2411 1367 2440 Εν
1384 2410 1560 2448 perfacetum,

299 2471 406 2514 Tom.
438 2473 529 2516 IV.
1326 2474 1352 2512 S
