<?xml version="1.0" encoding="UTF-8"?>
<!DOCTYPE html PUBLIC "-//W3C//DTD XHTML 1.0 Transitional//EN"
    "http://www.w3.org/TR/xhtml1/DTD/xhtml1-transitional.dtd">
<html xmlns="http://www.w3.org/1999/xhtml" xml:lang="en" lang="en">
 <head>
  <title>
</title>
<meta http-equiv="Content-Type" content="text/html;charset=utf-8" />
  <meta name='ocr-system' content='tesseract 3.04.00' />
  <meta name='ocr-capabilities' content='ocr_page ocr_carea ocr_par ocr_line ocrx_word'/>
</head>
<body>
  <div class='ocr_page' id='page_1' title='image "./operabro04taciuoft_0288.png"; bbox 0 0 1952 2708; ppageno 0'>
   <div class='ocr_carea' id='block_1_1' title="bbox 258 258 371 265">
    <p class='ocr_par' dir='ltr' id='par_1_1' title="bbox 258 258 371 265">
     <span class='ocr_line' id='line_1_1' title="bbox 258 258 371 265; baseline 0 2443"><span class='ocrx_word' id='word_1_1' title='bbox 258 258 371 265; x_wconf 95' lang='lat' dir='ltr'> </span> 
     </span>
    </p>
   </div>
   <div class='ocr_carea' id='block_1_2' title="bbox 257 265 372 274">
    <p class='ocr_par' dir='ltr' id='par_1_2' title="bbox 257 265 372 274">
     <span class='ocr_line' id='line_1_2' title="bbox 257 265 372 274; baseline 0 2434"><span class='ocrx_word' id='word_1_2' title='bbox 257 265 372 274; x_wconf 95' lang='lat' dir='ltr'> </span> 
     </span>
    </p>
   </div>
   <div class='ocr_carea' id='block_1_3' title="bbox 259 274 372 280">
    <p class='ocr_par' dir='ltr' id='par_1_3' title="bbox 259 274 372 280">
     <span class='ocr_line' id='line_1_3' title="bbox 259 274 372 280; baseline 0 0"><span class='ocrx_word' id='word_1_3' title='bbox 259 274 372 280; x_wconf 95' lang='lat' dir='ltr'> </span> 
     </span>
    </p>
   </div>
   <div class='ocr_carea' id='block_1_4' title="bbox 258 298 369 322">
    <p class='ocr_par' dir='ltr' id='par_1_4' title="bbox 258 298 369 322">
     <span class='ocr_line' id='line_1_4' title="bbox 258 298 369 322; baseline -0.027 0"><span class='ocrx_word' id='word_1_4' title='bbox 258 298 287 322; x_wconf 82' lang='lat' dir='ltr'>A.</span> <span class='ocrx_word' id='word_1_5' title='bbox 301 299 329 320; x_wconf 85' lang='lat' dir='ltr'>U.</span> <span class='ocrx_word' id='word_1_6' title='bbox 340 298 369 320; x_wconf 91' lang='lat' dir='ltr'>C.</span> 
     </span>
    </p>
   </div>
   <div class='ocr_carea' id='block_1_5' title="bbox 278 353 349 423">
    <p class='ocr_par' dir='ltr' id='par_1_5' title="bbox 278 353 349 423">
     <span class='ocr_line' id='line_1_5' title="bbox 278 353 349 381; baseline 0 -10"><span class='ocrx_word' id='word_1_7' title='bbox 278 353 349 381; x_wconf 89' lang='lat'>790.</span> 
     </span>
     <span class='ocr_line' id='line_1_6' title="bbox 283 400 343 423; baseline -0.017 0"><span class='ocrx_word' id='word_1_8' title='bbox 283 400 343 423; x_wconf 90' lang='lat' dir='ltr'><strong>J.C.</strong></span> 
     </span>
    </p>
   </div>
   <div class='ocr_carea' id='block_1_6' title="bbox 287 455 337 483">
    <p class='ocr_par' dir='ltr' id='par_1_6' title="bbox 287 455 337 483">
     <span class='ocr_line' id='line_1_7' title="bbox 287 455 337 483; baseline 0 0"><span class='ocrx_word' id='word_1_9' title='bbox 287 455 337 483; x_wconf 84' lang='lat'>37·</span> 
     </span>
    </p>
   </div>
   <div class='ocr_carea' id='block_1_7' title="bbox 701 159 1502 204">
    <p class='ocr_par' dir='ltr' id='par_1_7' title="bbox 701 159 1502 204">
     <span class='ocr_line' id='line_1_8' title="bbox 701 159 1502 204; baseline 0 -1"><span class='ocrx_word' id='word_1_10' title='bbox 701 159 1502 204; x_wconf 87' lang='lat' dir='ltr'><strong>SUPPLEMENTUM</strong></span> 
     </span>
    </p>
   </div>
   <div class='ocr_carea' id='block_1_8' title="bbox 389 238 1778 1612">
    <p class='ocr_par' dir='ltr' id='par_1_8' title="bbox 389 238 1778 926">
     <span class='ocr_line' id='line_1_9' title="bbox 454 238 1775 294; baseline -0.002 -12"><span class='ocrx_word' id='word_1_11' title='bbox 454 241 585 282; x_wconf 85' lang='lat' dir='ltr'><strong>XIX.</strong></span> <span class='ocrx_word' id='word_1_12' title='bbox 618 242 833 285; x_wconf 78' lang='lat' dir='ltr'>MoRBUS</span> <span class='ocrx_word' id='word_1_13' title='bbox 867 249 907 294; x_wconf 94' lang='lat'>¹,</span> <span class='ocrx_word' id='word_1_14' title='bbox 945 242 1159 284; x_wconf 76' lang='lat' dir='ltr'>libidinum</span> <span class='ocrx_word' id='word_1_15' title='bbox 1188 257 1349 293; x_wconf 86' lang='lat' dir='ltr'>comes,</span> <span class='ocrx_word' id='word_1_16' title='bbox 1383 254 1516 291; x_wconf 88' lang='lat' dir='ltr'>artus,</span> <span class='ocrx_word' id='word_1_17' title='bbox 1553 238 1651 281; x_wconf 90' lang='lat' dir='ltr'>olim</span> <span class='ocrx_word' id='word_1_18' title='bbox 1687 255 1775 282; x_wconf 84' lang='lat' dir='ltr'>car-</span> 
     </span>
     <span class='ocr_line' id='line_1_10' title="bbox 393 305 1775 360; baseline -0.002 -13"><span class='ocrx_word' id='word_1_19' title='bbox 393 306 510 347; x_wconf 86' lang='lat' dir='ltr'>diaco</span> <span class='ocrx_word' id='word_1_20' title='bbox 538 305 682 346; x_wconf 89' lang='lat' dir='ltr'>morbo</span> <span class='ocrx_word' id='word_1_21' title='bbox 711 305 966 356; x_wconf 77' lang='lat' dir='ltr'>debilitatos,</span> <span class='ocrx_word' id='word_1_22' title='bbox 995 321 1102 347; x_wconf 89' lang='lat' dir='ltr'>nune</span> <span class='ocrx_word' id='word_1_23' title='bbox 1119 305 1351 346; x_wconf 73' lang='lat' dir='ltr'>ebriositate</span> <span class='ocrx_word' id='word_1_24' title='bbox 1379 309 1422 355; x_wconf 84' lang='lat'>²,</span> <span class='ocrx_word' id='word_1_25' title='bbox 1448 319 1495 344; x_wconf 89' lang='lat' dir='ltr'>ac</span> <span class='ocrx_word' id='word_1_26' title='bbox 1519 305 1696 360; x_wconf 87' lang='lat' dir='ltr'>turpiore</span> <span class='ocrx_word' id='word_1_27' title='bbox 1718 305 1775 344; x_wconf 88' lang='lat' dir='ltr'>in-</span> 
     </span>
     <span class='ocr_line' id='line_1_11' title="bbox 391 367 1774 425; baseline -0.003 -15"><span class='ocrx_word' id='word_1_28' title='bbox 391 367 653 425; x_wconf 66' lang='lat' dir='ltr'>temperantia</span> <span class='ocrx_word' id='word_1_29' title='bbox 679 382 913 425; x_wconf 85' lang='lat' dir='ltr'>corruptos,</span> <span class='ocrx_word' id='word_1_30' title='bbox 942 369 1106 410; x_wconf 85' lang='lat' dir='ltr'>inceffit.</span> <span class='ocrx_word' id='word_1_31' title='bbox 1135 369 1250 408; x_wconf 87' lang='lat' dir='ltr'>Vitiis</span> <span class='ocrx_word' id='word_1_32' title='bbox 1276 368 1407 407; x_wconf 86' lang='lat' dir='ltr'>adhuc</span> <span class='ocrx_word' id='word_1_33' title='bbox 1433 367 1617 417; x_wconf 85' lang='lat' dir='ltr'>secretis,</span> <span class='ocrx_word' id='word_1_34' title='bbox 1640 367 1774 422; x_wconf 81' lang='lat' dir='ltr'>paslim</span> 
     </span>
     <span class='ocr_line' id='line_1_12' title="bbox 391 429 1775 488; baseline -0.001 -17"><span class='ocrx_word' id='word_1_35' title='bbox 391 431 605 488; x_wconf 86' lang='lat' dir='ltr'>publicatis</span> <span class='ocrx_word' id='word_1_36' title='bbox 631 432 870 482; x_wconf 88' lang='lat' dir='ltr'>virtutibus,</span> <span class='ocrx_word' id='word_1_37' title='bbox 900 431 1004 485; x_wconf 73' lang='lat' dir='ltr'>quasi</span> <span class='ocrx_word' id='word_1_38' title='bbox 1032 446 1171 487; x_wconf 80' lang='lat' dir='ltr'>parens</span> <span class='ocrx_word' id='word_1_39' title='bbox 1197 431 1328 486; x_wconf 86' lang='lat' dir='ltr'>patriae</span> <span class='ocrx_word' id='word_1_40' title='bbox 1354 429 1514 484; x_wconf 87' lang='lat' dir='ltr'>ipsaque</span> <span class='ocrx_word' id='word_1_41' title='bbox 1547 429 1775 484; x_wconf 80' lang='lat' dir='ltr'>respublica</span> 
     </span>
     <span class='ocr_line' id='line_1_13' title="bbox 390 490 1776 551; baseline -0.003 -16"><span class='ocrx_word' id='word_1_42' title='bbox 390 493 738 551; x_wconf 86' lang='lat' dir='ltr'>periclitarentur,</span> <span class='ocrx_word' id='word_1_43' title='bbox 763 494 921 550; x_wconf 89' lang='lat' dir='ltr'>sumpto</span> <span class='ocrx_word' id='word_1_44' title='bbox 941 493 1089 545; x_wconf 84' lang='lat' dir='ltr'>justitio</span> <span class='ocrx_word' id='word_1_45' title='bbox 1113 498 1123 522; x_wconf 84' lang='lat'><em>³</em></span> <span class='ocrx_word' id='word_1_46' title='bbox 1141 523 1154 542; x_wconf 86' lang='lat'>,</span> <span class='ocrx_word' id='word_1_47' title='bbox 1177 494 1327 533; x_wconf 69' lang='lat' dir='ltr'>cunffis</span> <span class='ocrx_word' id='word_1_48' title='bbox 1351 493 1457 532; x_wconf 87' lang='lat' dir='ltr'>circa</span> <span class='ocrx_word' id='word_1_49' title='bbox 1476 490 1667 546; x_wconf 84' lang='lat' dir='ltr'>palatium</span> <span class='ocrx_word' id='word_1_50' title='bbox 1694 506 1776 548; x_wconf 87' lang='lat' dir='ltr'>per-</span> 
     </span>
     <span class='ocr_line' id='line_1_14' title="bbox 390 553 1778 613; baseline -0.002 -16"><span class='ocrx_word' id='word_1_51' title='bbox 390 557 642 598; x_wconf 65' lang='lat' dir='ltr'>noEtantibus</span> <span class='ocrx_word' id='word_1_52' title='bbox 657 587 670 607; x_wconf 89' lang='lat'><em>‚</em></span> <span class='ocrx_word' id='word_1_53' title='bbox 701 557 1009 613; x_wconf 85' lang='lat' dir='ltr'>comploratum.</span> <span class='ocrx_word' id='word_1_54' title='bbox 1032 555 1173 597; x_wconf 89' lang='lat' dir='ltr'>Studia</span> <span class='ocrx_word' id='word_1_55' title='bbox 1201 556 1350 595; x_wconf 87' lang='lat' dir='ltr'>civium</span> <span class='ocrx_word' id='word_1_56' title='bbox 1378 553 1478 594; x_wconf 78' lang='lat' dir='ltr'>adeo</span> <span class='ocrx_word' id='word_1_57' title='bbox 1505 566 1617 594; x_wconf 82' lang='lat' dir='ltr'>erant</span> <span class='ocrx_word' id='word_1_58' title='bbox 1643 555 1778 595; x_wconf 86' lang='lat' dir='ltr'>incen-</span> 
     </span>
     <span class='ocr_line' id='line_1_15' title="bbox 390 616 1776 673; baseline -0.002 -14"><span class='ocrx_word' id='word_1_59' title='bbox 390 620 431 660; x_wconf 86' lang='lat' dir='ltr'>sa</span> <span class='ocrx_word' id='word_1_60' title='bbox 454 625 471 647; x_wconf 83' lang='lat'>4</span> <span class='ocrx_word' id='word_1_61' title='bbox 487 649 501 670; x_wconf 91' lang='lat'>,</span> <span class='ocrx_word' id='word_1_62' title='bbox 529 633 572 660; x_wconf 88' lang='lat' dir='ltr'>ut</span> <span class='ocrx_word' id='word_1_63' title='bbox 595 621 638 660; x_wconf 92' lang='lat' dir='ltr'>P.</span> <span class='ocrx_word' id='word_1_64' title='bbox 673 619 860 660; x_wconf 85' lang='lat' dir='ltr'>Afranius</span> <span class='ocrx_word' id='word_1_65' title='bbox 893 620 1075 668; x_wconf 86' lang='lat' dir='ltr'>Potitus,</span> <span class='ocrx_word' id='word_1_66' title='bbox 1107 616 1286 673; x_wconf 86' lang='lat' dir='ltr'>plebeius</span> <span class='ocrx_word' id='word_1_67' title='bbox 1325 619 1477 666; x_wconf 88' lang='lat' dir='ltr'>homo,</span> <span class='ocrx_word' id='word_1_68' title='bbox 1515 630 1634 672; x_wconf 88' lang='lat' dir='ltr'>caput</span> <span class='ocrx_word' id='word_1_69' title='bbox 1662 616 1776 656; x_wconf 89' lang='lat' dir='ltr'>suum</span> 
     </span>
     <span class='ocr_line' id='line_1_16' title="bbox 389 678 1775 738; baseline -0.001 -16"><span class='ocrx_word' id='word_1_70' title='bbox 389 697 464 738; x_wconf 86' lang='lat' dir='ltr'>pro</span> <span class='ocrx_word' id='word_1_71' title='bbox 488 680 612 736; x_wconf 75' lang='lat' dir='ltr'>salute</span> <span class='ocrx_word' id='word_1_72' title='bbox 633 683 828 738; x_wconf 87' lang='lat' dir='ltr'>Principis</span> <span class='ocrx_word' id='word_1_73' title='bbox 850 695 1042 727; x_wconf 79' lang='lat' dir='ltr'>voverer3</span> <span class='ocrx_word' id='word_1_74' title='bbox 1066 681 1234 721; x_wconf 87' lang='lat' dir='ltr'>Atanius</span> <span class='ocrx_word' id='word_1_75' title='bbox 1259 679 1466 720; x_wconf 83' lang='lat' dir='ltr'>Secundus</span> <span class='ocrx_word' id='word_1_76' title='bbox 1483 707 1495 727; x_wconf 97' lang='lat'>,</span> <span class='ocrx_word' id='word_1_77' title='bbox 1519 693 1664 732; x_wconf 82' lang='lat' dir='ltr'>eques,</span> <span class='ocrx_word' id='word_1_78' title='bbox 1691 678 1775 734; x_wconf 84' lang='lat' dir='ltr'>gla-</span> 
     </span>
     <span class='ocr_line' id='line_1_17' title="bbox 389 739 1775 800; baseline -0.001 -15"><span class='ocrx_word' id='word_1_79' title='bbox 389 744 600 785; x_wconf 86' lang='lat' dir='ltr'>diatoriam</span> <span class='ocrx_word' id='word_1_80' title='bbox 633 759 795 800; x_wconf 84' lang='lat' dir='ltr'>operam</span> <span class='ocrx_word' id='word_1_81' title='bbox 828 746 1092 800; x_wconf 84' lang='lat' dir='ltr'>promitteret.</span> <span class='ocrx_word' id='word_1_82' title='bbox 1125 744 1382 792; x_wconf 86' lang='lat' dir='ltr'>Provincias,</span> <span class='ocrx_word' id='word_1_83' title='bbox 1414 739 1579 782; x_wconf 87' lang='lat' dir='ltr'>navibus</span> <span class='ocrx_word' id='word_1_84' title='bbox 1610 742 1775 783; x_wconf 88' lang='lat' dir='ltr'>ineunte</span> 
     </span>
     <span class='ocr_line' id='line_1_18' title="bbox 389 803 1774 861; baseline 0.001 -15"><span class='ocrx_word' id='word_1_85' title='bbox 389 821 585 848; x_wconf 85' lang='lat' dir='ltr'>autumno</span> <span class='ocrx_word' id='word_1_86' title='bbox 612 822 663 847; x_wconf 84' lang='lat' dir='ltr'>ex</span> <span class='ocrx_word' id='word_1_87' title='bbox 688 806 802 847; x_wconf 64' lang='lat' dir='ltr'>Italia</span> <span class='ocrx_word' id='word_1_88' title='bbox 834 806 1127 856; x_wconf 80' lang='lat' dir='ltr'>remeantibus,</span> <span class='ocrx_word' id='word_1_89' title='bbox 1161 804 1382 861; x_wconf 86' lang='lat' dir='ltr'>periculum</span> <span class='ocrx_word' id='word_1_90' title='bbox 1422 805 1552 844; x_wconf 86' lang='lat' dir='ltr'>statim</span> <span class='ocrx_word' id='word_1_91' title='bbox 1589 803 1774 857; x_wconf 64' lang='lat' dir='ltr'>edofi‘mS,</span> 
     </span>
     <span class='ocr_line' id='line_1_19' title="bbox 389 869 910 926; baseline 0.004 -17"><span class='ocrx_word' id='word_1_92' title='bbox 389 869 497 910; x_wconf 87' lang='lat' dir='ltr'>idem</span> <span class='ocrx_word' id='word_1_93' title='bbox 525 869 650 911; x_wconf 74' lang='lat' dir='ltr'>lue&#39;tus</span> <span class='ocrx_word' id='word_1_94' title='bbox 679 883 853 926; x_wconf 87' lang='lat' dir='ltr'>occupat</span> <span class='ocrx_word' id='word_1_95' title='bbox 881 875 910 911; x_wconf 85' lang='lat'>5.</span> 
     </span>
    </p>

    <p class='ocr_par' dir='ltr' id='par_1_9' title="bbox 389 929 1777 1428">
     <span class='ocr_line' id='line_1_20' title="bbox 454 929 1777 986; baseline -0.002 -13"><span class='ocrx_word' id='word_1_96' title='bbox 454 933 556 973; x_wconf 85' lang='lat' dir='ltr'>XX.</span> <span class='ocrx_word' id='word_1_97' title='bbox 592 934 864 973; x_wconf 64' lang='lat' dir='ltr'>Rsscamm</span> <span class='ocrx_word' id='word_1_98' title='bbox 895 933 984 975; x_wconf 86' lang='lat' dir='ltr'>Caii</span> <span class='ocrx_word' id='word_1_99' title='bbox 1008 931 1264 982; x_wconf 86' lang='lat' dir='ltr'>valetudine,</span> <span class='ocrx_word' id='word_1_100' title='bbox 1292 944 1337 972; x_wconf 89' lang='lat' dir='ltr'>ut</span> <span class='ocrx_word' id='word_1_101' title='bbox 1365 929 1478 986; x_wconf 87' lang='lat' dir='ltr'>plura</span> <span class='ocrx_word' id='word_1_102' title='bbox 1501 931 1591 972; x_wconf 85' lang='lat' dir='ltr'>sunt</span> <span class='ocrx_word' id='word_1_103' title='bbox 1615 931 1777 985; x_wconf 73' lang='lat' dir='ltr'>gaudii,</span> 
     </span>
     <span class='ocr_line' id='line_1_21' title="bbox 391 993 1775 1050; baseline 0.001 -16"><span class='ocrx_word' id='word_1_104' title='bbox 391 994 509 1049; x_wconf 71' lang='lat' dir='ltr'>quam</span> <span class='ocrx_word' id='word_1_105' title='bbox 547 997 728 1036; x_wconf 80' lang='lat' dir='ltr'>maestitiae</span> <span class='ocrx_word' id='word_1_106' title='bbox 751 1026 764 1046; x_wconf 91' lang='lat'>,</span> <span class='ocrx_word' id='word_1_107' title='bbox 794 997 929 1050; x_wconf 77' lang='lat' dir='ltr'>ligna,</span> <span class='ocrx_word' id='word_1_108' title='bbox 958 1011 1033 1037; x_wconf 89' lang='lat' dir='ltr'>nec</span> <span class='ocrx_word' id='word_1_109' title='bbox 1068 995 1148 1046; x_wconf 83' lang='lat' dir='ltr'>jam</span> <span class='ocrx_word' id='word_1_110' title='bbox 1184 996 1336 1035; x_wconf 88' lang='lat' dir='ltr'>incerta</span> <span class='ocrx_word' id='word_1_111' title='bbox 1367 993 1544 1036; x_wconf 81' lang='lat' dir='ltr'>adulatio</span> <span class='ocrx_word' id='word_1_112' title='bbox 1568 1024 1582 1044; x_wconf 86' lang='grc'>,</span> <span class='ocrx_word' id='word_1_113' title='bbox 1615 994 1775 1035; x_wconf 82' lang='lat' dir='ltr'>effufiot</span> 
     </span>
     <span class='ocr_line' id='line_1_22' title="bbox 391 1056 1775 1113; baseline -0.001 -15"><span class='ocrx_word' id='word_1_114' title='bbox 391 1073 551 1112; x_wconf 87' lang='lat' dir='ltr'>quoque</span> <span class='ocrx_word' id='word_1_115' title='bbox 574 1060 720 1099; x_wconf 85' lang='lat' dir='ltr'>exstitit</span> <span class='ocrx_word' id='word_1_116' title='bbox 742 1058 878 1099; x_wconf 78' lang='lat' dir='ltr'>laetitia</span> <span class='ocrx_word' id='word_1_117' title='bbox 905 1058 935 1099; x_wconf 80' lang='lat'>⁶.</span> <span class='ocrx_word' id='word_1_118' title='bbox 963 1059 1019 1099; x_wconf 89' lang='lat' dir='ltr'>At</span> <span class='ocrx_word' id='word_1_119' title='bbox 1045 1072 1198 1099; x_wconf 84' lang='lat' dir='ltr'>mentes</span> <span class='ocrx_word' id='word_1_120' title='bbox 1221 1059 1404 1112; x_wconf 82' lang='lat' dir='ltr'>gravius,</span> <span class='ocrx_word' id='word_1_121' title='bbox 1435 1056 1552 1110; x_wconf 60' lang='lat' dir='ltr'>quam</span> <span class='ocrx_word' id='word_1_122' title='bbox 1578 1067 1775 1113; x_wconf 71' lang='lat' dir='ltr'>corpora,</span> 
     </span>
     <span class='ocr_line' id='line_1_23' title="bbox 390 1121 1776 1176; baseline 0.001 -17"><span class='ocrx_word' id='word_1_123' title='bbox 390 1121 491 1176; x_wconf 80' lang='lat' dir='ltr'>saepe</span> <span class='ocrx_word' id='word_1_124' title='bbox 515 1121 669 1176; x_wconf 83' lang='lat' dir='ltr'>adfligit</span> <span class='ocrx_word' id='word_1_125' title='bbox 696 1121 834 1162; x_wconf 87' lang='lat' dir='ltr'>libido.</span> <span class='ocrx_word' id='word_1_126' title='bbox 854 1123 962 1162; x_wconf 85' lang='lat' dir='ltr'>Sano</span> <span class='ocrx_word' id='word_1_127' title='bbox 991 1122 1150 1162; x_wconf 81' lang='lat' dir='ltr'>Caesaris</span> <span class='ocrx_word' id='word_1_128' title='bbox 1182 1135 1351 1176; x_wconf 86' lang='lat' dir='ltr'>corpore</span> <span class='ocrx_word' id='word_1_129' title='bbox 1367 1149 1380 1169; x_wconf 89' lang='lat'>,</span> <span class='ocrx_word' id='word_1_130' title='bbox 1410 1134 1521 1160; x_wconf 87' lang='lat' dir='ltr'>mens</span> <span class='ocrx_word' id='word_1_131' title='bbox 1547 1134 1672 1174; x_wconf 70' lang='lat' dir='ltr'>aegra,</span> <span class='ocrx_word' id='word_1_132' title='bbox 1698 1135 1776 1162; x_wconf 86' lang='lat' dir='ltr'>nec</span> 
     </span>
     <span class='ocr_line' id='line_1_24' title="bbox 389 1181 1776 1239; baseline 0.001 -17"><span class='ocrx_word' id='word_1_133' title='bbox 389 1184 557 1224; x_wconf 79' lang='lat' dir='ltr'>remedii</span> <span class='ocrx_word' id='word_1_134' title='bbox 590 1186 744 1239; x_wconf 86' lang='lat' dir='ltr'>patiens</span> <span class='ocrx_word' id='word_1_135' title='bbox 761 1213 773 1234; x_wconf 91' lang='lat'>,</span> <span class='ocrx_word' id='word_1_136' title='bbox 810 1184 859 1225; x_wconf 90' lang='lat' dir='ltr'>ad</span> <span class='ocrx_word' id='word_1_137' title='bbox 894 1185 990 1224; x_wconf 86' lang='lat' dir='ltr'>vitia</span> <span class='ocrx_word' id='word_1_138' title='bbox 1017 1183 1148 1224; x_wconf 86' lang='lat' dir='ltr'>delabi</span> <span class='ocrx_word' id='word_1_139' title='bbox 1176 1188 1191 1210; x_wconf 93' lang='lat'><strong><em>⁷</em></strong></span> <span class='ocrx_word' id='word_1_140' title='bbox 1216 1200 1224 1223; x_wconf 78' lang='lat' dir='ltr'>z</span> <span class='ocrx_word' id='word_1_141' title='bbox 1250 1182 1448 1237; x_wconf 84' lang='lat' dir='ltr'>gloriam,</span> <span class='ocrx_word' id='word_1_142' title='bbox 1481 1181 1741 1224; x_wconf 83' lang='lat' dir='ltr'>ambitionem</span> <span class='ocrx_word' id='word_1_143' title='bbox 1761 1212 1776 1234; x_wconf 88' lang='lat'>,</span> 
     </span>
     <span class='ocr_line' id='line_1_25' title="bbox 391 1244 1777 1299; baseline 0.001 -14"><span class='ocrx_word' id='word_1_144' title='bbox 391 1246 534 1299; x_wconf 85' lang='lat' dir='ltr'>quibus</span> <span class='ocrx_word' id='word_1_145' title='bbox 561 1247 609 1287; x_wconf 84' lang='lat' dir='ltr'>ad</span> <span class='ocrx_word' id='word_1_146' title='bbox 639 1247 843 1288; x_wconf 85' lang='lat' dir='ltr'>infamiam</span> <span class='ocrx_word' id='word_1_147' title='bbox 859 1277 872 1297; x_wconf 91' lang='lat'>,</span> <span class='ocrx_word' id='word_1_148' title='bbox 909 1247 936 1286; x_wconf 84' lang='lat' dir='ltr'>fi</span> <span class='ocrx_word' id='word_1_149' title='bbox 962 1263 984 1287; x_wconf 89' lang='lat' dir='ltr'>a</span> <span class='ocrx_word' id='word_1_150' title='bbox 1009 1248 1156 1287; x_wconf 85' lang='lat' dir='ltr'>virtute</span> <span class='ocrx_word' id='word_1_151' title='bbox 1183 1245 1391 1286; x_wconf 80' lang='lat' dir='ltr'>deflexeris</span> <span class='ocrx_word' id='word_1_152' title='bbox 1408 1275 1421 1295; x_wconf 89' lang='lat'>,</span> <span class='ocrx_word' id='word_1_153' title='bbox 1451 1244 1553 1285; x_wconf 87' lang='lat' dir='ltr'>nihil</span> <span class='ocrx_word' id='word_1_154' title='bbox 1577 1245 1777 1297; x_wconf 86' lang='lat' dir='ltr'>validius,</span> 
     </span>
     <span class='ocr_line' id='line_1_26' title="bbox 390 1308 1775 1365; baseline 0.001 -17"><span class='ocrx_word' id='word_1_155' title='bbox 390 1309 527 1349; x_wconf 56' lang='lat' dir='ltr'>sedari</span> <span class='ocrx_word' id='word_1_156' title='bbox 550 1326 558 1348; x_wconf 79' lang='lat' dir='ltr'><em>z</em></span> <span class='ocrx_word' id='word_1_157' title='bbox 582 1308 715 1350; x_wconf 89' lang='lat' dir='ltr'>nullus</span> <span class='ocrx_word' id='word_1_158' title='bbox 754 1310 869 1365; x_wconf 86' lang='lat' dir='ltr'>supra</span> <span class='ocrx_word' id='word_1_159' title='bbox 897 1323 1052 1350; x_wconf 88' lang='lat' dir='ltr'>ceteros</span> <span class='ocrx_word' id='word_1_160' title='bbox 1085 1309 1288 1350; x_wconf 85' lang='lat' dir='ltr'>eminendi</span> <span class='ocrx_word' id='word_1_161' title='bbox 1325 1308 1481 1349; x_wconf 86' lang='lat' dir='ltr'>modus.</span> <span class='ocrx_word' id='word_1_162' title='bbox 1518 1308 1775 1363; x_wconf 82' lang='lat' dir='ltr'>Primumque</span> 
     </span>
     <span class='ocr_line' id='line_1_27' title="bbox 389 1370 1528 1428; baseline 0.001 -18"><span class='ocrx_word' id='word_1_163' title='bbox 389 1370 519 1412; x_wconf 84' lang='lat' dir='ltr'>scelus</span> <span class='ocrx_word' id='word_1_164' title='bbox 543 1373 678 1413; x_wconf 86' lang='lat' dir='ltr'>omnia</span> <span class='ocrx_word' id='word_1_165' title='bbox 705 1373 804 1413; x_wconf 84' lang='lat' dir='ltr'>vicit</span> <span class='ocrx_word' id='word_1_166' title='bbox 831 1373 1040 1428; x_wconf 89' lang='lat' dir='ltr'>superioris</span> <span class='ocrx_word' id='word_1_167' title='bbox 1069 1372 1313 1427; x_wconf 65' lang='lat' dir='ltr'>principatus</span> <span class='ocrx_word' id='word_1_168' title='bbox 1336 1371 1528 1412; x_wconf 88' lang='lat' dir='ltr'>facinora.</span> 
     </span>
    </p>

    <p class='ocr_par' dir='ltr' id='par_1_10' title="bbox 391 1431 1777 1612">
     <span class='ocr_line' id='line_1_28' title="bbox 454 1431 1776 1484; baseline -0.002 -10"><span class='ocrx_word' id='word_1_169' title='bbox 454 1434 584 1475; x_wconf 87' lang='lat' dir='ltr'><strong>XXI.</strong></span> <span class='ocrx_word' id='word_1_170' title='bbox 620 1434 775 1475; x_wconf 78' lang='lat' dir='ltr'><strong>CAIUS</strong></span> <span class='ocrx_word' id='word_1_171' title='bbox 803 1436 912 1475; x_wconf 86' lang='lat' dir='ltr'>enim</span> <span class='ocrx_word' id='word_1_172' title='bbox 936 1434 1145 1476; x_wconf 86' lang='lat' dir='ltr'>Tiberium</span> <span class='ocrx_word' id='word_1_173' title='bbox 1160 1463 1174 1484; x_wconf 87' lang='lat'>,</span> <span class='ocrx_word' id='word_1_174' title='bbox 1194 1434 1355 1474; x_wconf 87' lang='lat' dir='ltr'>fratrem</span> <span class='ocrx_word' id='word_1_175' title='bbox 1379 1433 1491 1474; x_wconf 83' lang='lat' dir='ltr'>slmul</span> <span class='ocrx_word' id='word_1_176' title='bbox 1519 1438 1558 1475; x_wconf 74' lang='grc' dir='ltr'>ὃ(</span> <span class='ocrx_word' id='word_1_177' title='bbox 1583 1432 1712 1473; x_wconf 89' lang='lat' dir='ltr'>filium</span> <span class='ocrx_word' id='word_1_178' title='bbox 1735 1431 1776 1484; x_wconf 73' lang='lat'>⁸,</span> 
     </span>
     <span class='ocr_line' id='line_1_29' title="bbox 394 1496 1777 1553; baseline 0.001 -18"><span class='ocrx_word' id='word_1_179' title='bbox 394 1496 553 1553; x_wconf 80' lang='lat' dir='ltr'>imperii</span> <span class='ocrx_word' id='word_1_180' title='bbox 579 1497 764 1537; x_wconf 76' lang='lat' dir='ltr'>aemulum</span> <span class='ocrx_word' id='word_1_181' title='bbox 791 1499 940 1539; x_wconf 84' lang='lat' dir='ltr'>veritus</span> <span class='ocrx_word' id='word_1_182' title='bbox 958 1528 970 1548; x_wconf 95' lang='lat'>,</span> <span class='ocrx_word' id='word_1_183' title='bbox 1001 1513 1050 1538; x_wconf 91' lang='lat' dir='ltr'>ne</span> <span class='ocrx_word' id='word_1_184' title='bbox 1081 1498 1235 1552; x_wconf 87' lang='lat' dir='ltr'>scriptis</span> <span class='ocrx_word' id='word_1_185' title='bbox 1264 1497 1423 1550; x_wconf 86' lang='lat' dir='ltr'>quidem</span> <span class='ocrx_word' id='word_1_186' title='bbox 1451 1496 1500 1537; x_wconf 82' lang='lat' dir='ltr'>ad</span> <span class='ocrx_word' id='word_1_187' title='bbox 1520 1497 1698 1537; x_wconf 83' lang='lat' dir='ltr'>senatum</span> <span class='ocrx_word' id='word_1_188' title='bbox 1726 1496 1777 1536; x_wconf 89' lang='lat' dir='ltr'>li-</span> 
     </span>
     <span class='ocr_line' id='line_1_30' title="bbox 391 1558 1776 1612; baseline 0.001 -13"><span class='ocrx_word' id='word_1_189' title='bbox 391 1562 513 1610; x_wconf 82' lang='lat' dir='ltr'>teris,</span> <span class='ocrx_word' id='word_1_190' title='bbox 542 1559 667 1601; x_wconf 89' lang='lat' dir='ltr'>veluti</span> <span class='ocrx_word' id='word_1_191' title='bbox 692 1560 759 1601; x_wconf 87' lang='lat' dir='ltr'>fibi</span> <span class='ocrx_word' id='word_1_192' title='bbox 775 1590 788 1612; x_wconf 85' lang='grc'>,</span> <span class='ocrx_word' id='word_1_193' title='bbox 820 1562 912 1602; x_wconf 80' lang='lat' dir='ltr'>cum</span> <span class='ocrx_word' id='word_1_194' title='bbox 947 1560 1088 1601; x_wconf 87' lang='lat' dir='ltr'>morbo</span> <span class='ocrx_word' id='word_1_195' title='bbox 1125 1558 1402 1610; x_wconf 84' lang='lat' dir='ltr'>detinebatur,</span> <span class='ocrx_word' id='word_1_196' title='bbox 1431 1559 1682 1611; x_wconf 84' lang='lat' dir='ltr'>infidiatum,</span> <span class='ocrx_word' id='word_1_197' title='bbox 1710 1574 1776 1605; x_wconf 66' lang='grc' dir='ltr'>τε-Δ</span> 
     </span>
    </p>
   </div>
   <div class='ocr_carea' id='block_1_9' title="bbox 392 167 482 214">
    <p class='ocr_par' dir='ltr' id='par_1_11' title="bbox 392 167 482 214">
     <span class='ocr_line' id='line_1_31' title="bbox 392 167 482 214; baseline -0.022 -9"><span class='ocrx_word' id='word_1_198' title='bbox 392 167 482 214; x_wconf 82' lang='lat'>276</span> 
     </span>
    </p>
   </div>
   <div class='ocr_carea' id='block_1_10' title="bbox 392 1680 1775 1876">
    <p class='ocr_par' dir='ltr' id='par_1_12' title="bbox 392 1680 1775 1876">
     <span class='ocr_line' id='line_1_32' title="bbox 392 1680 1610 1724; baseline 0.001 -14"><span class='ocrx_word' id='word_1_199' title='bbox 392 1680 493 1724; x_wconf 74' lang='lat' dir='ltr'>legata</span> <span class='ocrx_word' id='word_1_200' title='bbox 511 1704 520 1717; x_wconf 75' lang='lat'>‚</span> <span class='ocrx_word' id='word_1_201' title='bbox 556 1682 657 1716; x_wconf 77' lang='lat' dir='ltr'>dona,</span> <span class='ocrx_word' id='word_1_202' title='bbox 679 1682 788 1718; x_wconf 86' lang='lat' dir='ltr'>ludos,</span> <span class='ocrx_word' id='word_1_203' title='bbox 810 1692 921 1720; x_wconf 80' lang='lat' dir='ltr'>cenas,</span> <span class='ocrx_word' id='word_1_204' title='bbox 943 1682 1065 1722; x_wconf 79' lang='lat' dir='ltr'>aliaque</span> <span class='ocrx_word' id='word_1_205' title='bbox 1145 1688 1153 1709; x_wconf 88' lang='lat'>5</span> <span class='ocrx_word' id='word_1_206' title='bbox 1179 1684 1261 1712; x_wconf 76' lang='lat' dir='ltr'>IDEM</span> <span class='ocrx_word' id='word_1_207' title='bbox 1292 1692 1406 1713; x_wconf 72' lang='lat' dir='ltr'>ruerus</span> <span class='ocrx_word' id='word_1_208' title='bbox 1433 1682 1610 1718; x_wconf 79' lang='lat' dir='ltr'>occUPAT]</span> 
     </span>
     <span class='ocr_line' id='line_1_33' title="bbox 393 1720 1774 1760; baseline 0.001 -11"><span class='ocrx_word' id='word_1_209' title='bbox 393 1720 549 1750; x_wconf 78' lang='lat' dir='ltr'>numensae</span> <span class='ocrx_word' id='word_1_210' title='bbox 576 1721 716 1751; x_wconf 83' lang='lat' dir='ltr'>libidinis</span> <span class='ocrx_word' id='word_1_211' title='bbox 744 1745 753 1758; x_wconf 90' lang='lat'>,</span> <span class='ocrx_word' id='word_1_212' title='bbox 788 1731 903 1752; x_wconf 76' lang='lat' dir='ltr'>tantam</span> <span class='ocrx_word' id='word_1_213' title='bbox 929 1722 1066 1760; x_wconf 82' lang='lat' dir='ltr'>pecuniae</span> <span class='ocrx_word' id='word_1_214' title='bbox 1106 1732 1260 1760; x_wconf 79' lang='lat' dir='ltr'>promote</span> <span class='ocrx_word' id='word_1_215' title='bbox 1277 1721 1496 1757; x_wconf 67' lang='lat' dir='ltr'>suo,oratori?2</span> <span class='ocrx_word' id='word_1_216' title='bbox 1511 1720 1654 1751; x_wconf 86' lang='lat' dir='ltr'>describit</span> <span class='ocrx_word' id='word_1_217' title='bbox 1666 1720 1774 1757; x_wconf 82' lang='lat' dir='ltr'>Philo,</span> 
     </span>
     <span class='ocr_line' id='line_1_34' title="bbox 393 1759 1714 1802; baseline 0.001 -13"><span class='ocrx_word' id='word_1_218' title='bbox 393 1759 461 1802; x_wconf 77' lang='lat' dir='ltr'>vim</span> <span class='ocrx_word' id='word_1_219' title='bbox 489 1769 551 1789; x_wconf 76' lang='lat' dir='ltr'>tam</span> <span class='ocrx_word' id='word_1_220' title='bbox 574 1761 663 1790; x_wconf 88' lang='lat' dir='ltr'>brevi</span> <span class='ocrx_word' id='word_1_221' title='bbox 696 1770 837 1799; x_wconf 83' lang='lat' dir='ltr'>tempore</span> <span class='ocrx_word' id='word_1_222' title='bbox 874 1761 1066 1800; x_wconf 78' lang='lat' dir='ltr'>absumptam</span> <span class='ocrx_word' id='word_1_223' title='bbox 1105 1763 1214 1799; x_wconf 78' lang='lat' dir='ltr'>Legat.</span> <span class='ocrx_word' id='word_1_224' title='bbox 1237 1761 1276 1790; x_wconf 78' lang='lat' dir='ltr'>ad</span> <span class='ocrx_word' id='word_1_225' title='bbox 1297 1760 1418 1791; x_wconf 81' lang='lat' dir='ltr'>Caium.</span> <span class='ocrx_word' id='word_1_226' title='bbox 1445 1770 1510 1799; x_wconf 83' lang='lat' dir='ltr'>pag.</span> <span class='ocrx_word' id='word_1_227' title='bbox 1521 1771 1584 1796; x_wconf 82' lang='lat'>994</span> <span class='ocrx_word' id='word_1_228' title='bbox 1599 1760 1714 1802; x_wconf 54' lang='lat'>&amp;995</span> 
     </span>
     <span class='ocr_line' id='line_1_35' title="bbox 393 1797 1775 1858; baseline 0.001 -32"><span class='ocrx_word' id='word_1_229' title='bbox 393 1797 481 1827; x_wconf 69' lang='lat' dir='ltr'>funffe</span> <span class='ocrx_word' id='word_1_230' title='bbox 499 1797 589 1829; x_wconf 71' lang='lat' dir='ltr'>facile</span> <span class='ocrx_word' id='word_1_231' title='bbox 606 1799 707 1830; x_wconf 84' lang='lat' dir='ltr'>intelli</span> <span class='ocrx_word' id='word_1_232' title='bbox 730 1808 769 1830; x_wconf 89' lang='lat' dir='ltr'>et.</span> <span class='ocrx_word' id='word_1_233' title='bbox 1082 1813 1089 1858; x_wconf 51' lang='grc' dir='ltr'><strong>ς</strong></span> <span class='ocrx_word' id='word_1_234' title='bbox 1145 1802 1158 1818; x_wconf 82' lang='lat'><strong>⁶</strong></span> <span class='ocrx_word' id='word_1_235' title='bbox 1183 1802 1325 1830; x_wconf 48' lang='lat' dir='ltr'>Lim-itm</span> <span class='ocrx_word' id='word_1_236' title='bbox 1344 1802 1357 1837; x_wconf 92' lang='lat'><em>]</em></span> <span class='ocrx_word' id='word_1_237' title='bbox 1386 1800 1432 1829; x_wconf 89' lang='lat' dir='ltr'>De</span> <span class='ocrx_word' id='word_1_238' title='bbox 1454 1799 1513 1838; x_wconf 61' lang='lat' dir='ltr'>quai</span> <span class='ocrx_word' id='word_1_239' title='bbox 1525 1799 1598 1828; x_wconf 87' lang='lat' dir='ltr'>vide</span> <span class='ocrx_word' id='word_1_240' title='bbox 1611 1798 1775 1828; x_wconf 75' lang='lat' dir='ltr'>Philonem</span> 
     </span>
     <span class='ocr_line' id='line_1_36' title="bbox 435 1837 1775 1876; baseline 0.001 -10"><span class='ocrx_word' id='word_1_241' title='bbox 435 1843 442 1855; x_wconf 92' lang='lat'>¹</span> <span class='ocrx_word' id='word_1_242' title='bbox 469 1837 627 1875; x_wconf 66' lang='lat' dir='ltr'>Monens]</span> <span class='ocrx_word' id='word_1_243' title='bbox 647 1839 692 1868; x_wconf 89' lang='lat' dir='ltr'>De</span> <span class='ocrx_word' id='word_1_244' title='bbox 731 1849 768 1869; x_wconf 91' lang='lat' dir='ltr'>oc</span> <span class='ocrx_word' id='word_1_245' title='bbox 784 1839 917 1875; x_wconf 88' lang='lat' dir='ltr'>morbo,</span> <span class='ocrx_word' id='word_1_246' title='bbox 938 1838 1066 1876; x_wconf 82' lang='lat' dir='ltr'>ejusque</span> <span class='ocrx_word' id='word_1_247' title='bbox 1106 1838 1167 1868; x_wconf 89' lang='lat' dir='ltr'>loc.</span> <span class='ocrx_word' id='word_1_248' title='bbox 1182 1839 1234 1869; x_wconf 87' lang='lat' dir='ltr'>cit.</span> <span class='ocrx_word' id='word_1_249' title='bbox 1250 1839 1329 1868; x_wconf 87' lang='lat' dir='ltr'>utin</span> <span class='ocrx_word' id='word_1_250' title='bbox 1343 1838 1494 1875; x_wconf 77' lang='lat' dir='ltr'>tristibus,</span> <span class='ocrx_word' id='word_1_251' title='bbox 1511 1837 1550 1868; x_wconf 84' lang='lat' dir='ltr'>fic</span> <span class='ocrx_word' id='word_1_252' title='bbox 1564 1837 1597 1867; x_wconf 87' lang='lat' dir='ltr'>in</span> <span class='ocrx_word' id='word_1_253' title='bbox 1610 1837 1684 1868; x_wconf 81' lang='lat' dir='ltr'>laetis</span> <span class='ocrx_word' id='word_1_254' title='bbox 1697 1859 1707 1874; x_wconf 92' lang='lat'>‚</span> <span class='ocrx_word' id='word_1_255' title='bbox 1725 1838 1775 1876; x_wconf 84' lang='lat' dir='ltr'>ju-</span> 
     </span>
    </p>
   </div>
   <div class='ocr_carea' id='block_1_11' title="bbox 1642 1683 1774 1720">
    <p class='ocr_par' dir='ltr' id='par_1_13' title="bbox 1642 1683 1774 1720">
     <span class='ocr_line' id='line_1_37' title="bbox 1642 1683 1774 1720; baseline 0 -9"><span class='ocrx_word' id='word_1_256' title='bbox 1642 1683 1743 1718; x_wconf 88' lang='lat' dir='ltr'>Quem</span> <span class='ocrx_word' id='word_1_257' title='bbox 1763 1688 1774 1720; x_wconf 59' lang='grc' dir='ltr'><em>ᾗ</em></span> 
     </span>
    </p>
   </div>
   <div class='ocr_carea' id='block_1_12' title="bbox 394 1875 1068 2412">
    <p class='ocr_par' dir='ltr' id='par_1_14' title="bbox 394 1875 1068 2412">
     <span class='ocr_line' id='line_1_38' title="bbox 394 1875 1066 1916; baseline 0.001 -11"><span class='ocrx_word' id='word_1_258' title='bbox 394 1875 489 1905; x_wconf 78' lang='lat' dir='ltr'>causis</span> <span class='ocrx_word' id='word_1_259' title='bbox 510 1899 519 1911; x_wconf 88' lang='lat'>,</span> <span class='ocrx_word' id='word_1_260' title='bbox 544 1877 688 1916; x_wconf 49' lang='lat' dir='ltr'>luctuque</span> <span class='ocrx_word' id='word_1_261' title='bbox 702 1877 829 1916; x_wconf 89' lang='lat' dir='ltr'>publico</span> <span class='ocrx_word' id='word_1_262' title='bbox 844 1901 853 1914; x_wconf 89' lang='lat'>‚</span> <span class='ocrx_word' id='word_1_263' title='bbox 872 1878 944 1907; x_wconf 86' lang='lat' dir='ltr'>vide</span> <span class='ocrx_word' id='word_1_264' title='bbox 958 1877 1066 1907; x_wconf 85' lang='lat' dir='ltr'>Philo-</span> 
     </span>
     <span class='ocr_line' id='line_1_39' title="bbox 394 1916 958 1956; baseline 0.004 -12"><span class='ocrx_word' id='word_1_265' title='bbox 394 1925 467 1945; x_wconf 88' lang='lat' dir='ltr'>nem</span> <span class='ocrx_word' id='word_1_266' title='bbox 477 1938 485 1949; x_wconf 82' lang='lat'>,</span> <span class='ocrx_word' id='word_1_267' title='bbox 496 1916 603 1954; x_wconf 79' lang='lat' dir='ltr'>Legat.</span> <span class='ocrx_word' id='word_1_268' title='bbox 617 1917 655 1946; x_wconf 80' lang='lat' dir='ltr'>ad</span> <span class='ocrx_word' id='word_1_269' title='bbox 666 1917 778 1946; x_wconf 77' lang='lat' dir='ltr'>Caium</span> <span class='ocrx_word' id='word_1_270' title='bbox 787 1940 795 1952; x_wconf 92' lang='lat'>,</span> <span class='ocrx_word' id='word_1_271' title='bbox 807 1927 873 1956; x_wconf 84' lang='lat' dir='ltr'>pag.</span> <span class='ocrx_word' id='word_1_272' title='bbox 885 1928 958 1954; x_wconf 84' lang='lat'><strong>994.</strong></span> 
     </span>
     <span class='ocr_line' id='line_1_40' title="bbox 436 1955 1067 1992; baseline 0.002 -10"><span class='ocrx_word' id='word_1_273' title='bbox 436 1959 447 1972; x_wconf 84' lang='lat'>²</span> <span class='ocrx_word' id='word_1_274' title='bbox 470 1955 711 1992; x_wconf 69' lang='lat' dir='ltr'>EssmoserrE]</span> <span class='ocrx_word' id='word_1_275' title='bbox 737 1957 869 1986; x_wconf 78' lang='lat' dir='ltr'>Juventa</span> <span class='ocrx_word' id='word_1_276' title='bbox 889 1956 927 1986; x_wconf 83' lang='lat' dir='ltr'>ad</span> <span class='ocrx_word' id='word_1_277' title='bbox 948 1964 1067 1986; x_wconf 86' lang='lat' dir='ltr'>merum</span> 
     </span>
     <span class='ocr_line' id='line_1_41' title="bbox 395 1994 1067 2032; baseline 0.004 -11"><span class='ocrx_word' id='word_1_278' title='bbox 395 2003 517 2030; x_wconf 82' lang='lat' dir='ltr'>prona,</span> <span class='ocrx_word' id='word_1_279' title='bbox 542 1995 656 2024; x_wconf 87' lang='lat' dir='ltr'>morbo</span> <span class='ocrx_word' id='word_1_280' title='bbox 676 1994 741 2032; x_wconf 81' lang='lat' dir='ltr'>ipso</span> <span class='ocrx_word' id='word_1_281' title='bbox 755 1994 814 2025; x_wconf 88' lang='lat' dir='ltr'>fuit</span> <span class='ocrx_word' id='word_1_282' title='bbox 830 1994 974 2024; x_wconf 73' lang='lat' dir='ltr'>invitata.</span> <span class='ocrx_word' id='word_1_283' title='bbox 1001 1995 1067 2024; x_wconf 86' lang='lat' dir='ltr'>Te-</span> 
     </span>
     <span class='ocr_line' id='line_1_42' title="bbox 394 2031 1067 2073; baseline 0.001 -13"><span class='ocrx_word' id='word_1_284' title='bbox 394 2031 436 2061; x_wconf 73' lang='lat' dir='ltr'>ste</span> <span class='ocrx_word' id='word_1_285' title='bbox 451 2032 534 2061; x_wconf 80' lang='lat' dir='ltr'>enim</span> <span class='ocrx_word' id='word_1_286' title='bbox 550 2033 665 2063; x_wconf 76' lang='lat' dir='ltr'>Seneca</span> <span class='ocrx_word' id='word_1_287' title='bbox 676 2034 730 2071; x_wconf 77' lang='lat' dir='ltr'>Ep.</span> <span class='ocrx_word' id='word_1_288' title='bbox 745 2044 788 2073; x_wconf 86' lang='lat'>15.</span> <span class='ocrx_word' id='word_1_289' title='bbox 803 2033 899 2062; x_wconf 71' lang='lat' dir='ltr'>Bibere</span> <span class='ocrx_word' id='word_1_290' title='bbox 913 2032 1067 2072; x_wconf 37' lang='lat' dir='ltr'>&amp;suriana</span> 
     </span>
     <span class='ocr_line' id='line_1_43' title="bbox 394 2070 1068 2112; baseline 0.004 -13"><span class='ocrx_word' id='word_1_291' title='bbox 394 2071 453 2099; x_wconf 52' lang='grc' dir='ltr'>τίει</span> <span class='ocrx_word' id='word_1_292' title='bbox 475 2070 597 2099; x_wconf 60' lang='lat' dir='ltr'>cardiaci</span> <span class='ocrx_word' id='word_1_293' title='bbox 616 2072 659 2111; x_wconf 77' lang='lat' dir='ltr'>est.</span> <span class='ocrx_word' id='word_1_294' title='bbox 675 2072 860 2111; x_wconf 82' lang='lat' dir='ltr'>Suffragatur</span> <span class='ocrx_word' id='word_1_295' title='bbox 875 2083 1001 2112; x_wconf 82' lang='lat' dir='ltr'>quoque</span> <span class='ocrx_word' id='word_1_296' title='bbox 1011 2072 1068 2102; x_wconf 86' lang='lat' dir='ltr'>Pli-</span> 
     </span>
     <span class='ocr_line' id='line_1_44' title="bbox 395 2109 1068 2146; baseline 0.003 -8"><span class='ocrx_word' id='word_1_297' title='bbox 395 2109 465 2139; x_wconf 72' lang='lat' dir='ltr'>nius.</span> <span class='ocrx_word' id='word_1_298' title='bbox 476 2133 484 2145; x_wconf 90' lang='lat'>,</span> <span class='ocrx_word' id='word_1_299' title='bbox 499 2111 600 2140; x_wconf 73' lang='lat' dir='ltr'><strong>XXIII</strong></span> <span class='ocrx_word' id='word_1_300' title='bbox 612 2135 620 2146; x_wconf 79' lang='lat'><strong>‚</strong></span> <span class='ocrx_word' id='word_1_301' title='bbox 638 2123 661 2140; x_wconf 90' lang='lat'>1.</span> <span class='ocrx_word' id='word_1_302' title='bbox 675 2111 873 2140; x_wconf 70' lang='lat' dir='ltr'>cardiacorum</span> <span class='ocrx_word' id='word_1_303' title='bbox 897 2112 984 2140; x_wconf 59' lang='lat' dir='ltr'>mssbo</span> <span class='ocrx_word' id='word_1_304' title='bbox 1004 2112 1068 2140; x_wconf 77' lang='lat' dir='ltr'>uni-</span> 
     </span>
     <span class='ocr_line' id='line_1_45' title="bbox 396 2149 911 2190; baseline 0.008 -15"><span class='ocrx_word' id='word_1_305' title='bbox 396 2158 456 2176; x_wconf 74' lang='lat' dir='ltr'>cam</span> <span class='ocrx_word' id='word_1_306' title='bbox 467 2149 540 2185; x_wconf 65' lang='lat' dir='ltr'>spem</span> <span class='ocrx_word' id='word_1_307' title='bbox 554 2150 581 2177; x_wconf 76' lang='lat' dir='ltr'>in</span> <span class='ocrx_word' id='word_1_308' title='bbox 596 2150 657 2179; x_wconf 70' lang='lat' dir='ltr'>vino</span> <span class='ocrx_word' id='word_1_309' title='bbox 670 2151 716 2190; x_wconf 63' lang='lat' dir='ltr'>effe·</span> <span class='ocrx_word' id='word_1_310' title='bbox 729 2174 737 2187; x_wconf 87' lang='lat'>,</span> <span class='ocrx_word' id='word_1_311' title='bbox 755 2161 853 2179; x_wconf 65' lang='lat' dir='ltr'>cerrum</span> <span class='ocrx_word' id='word_1_312' title='bbox 867 2151 911 2187; x_wconf 63' lang='lat' dir='ltr'>es).</span> 
     </span>
     <span class='ocr_line' id='line_1_46' title="bbox 436 2189 1067 2228; baseline 0.008 -13"><span class='ocrx_word' id='word_1_313' title='bbox 436 2192 445 2211; x_wconf 82' lang='lat'><em>3</em></span> <span class='ocrx_word' id='word_1_314' title='bbox 470 2189 596 2218; x_wconf 51' lang='lat' dir='ltr'>statmo</span> <span class='ocrx_word' id='word_1_315' title='bbox 618 2199 757 2221; x_wconf 75' lang='lat' dir='ltr'>Jusrrrlo</span> <span class='ocrx_word' id='word_1_316' title='bbox 774 2193 786 2227; x_wconf 93' lang='lat'>]</span> <span class='ocrx_word' id='word_1_317' title='bbox 810 2191 856 2220; x_wconf 83' lang='lat' dir='ltr'>De</span> <span class='ocrx_word' id='word_1_318' title='bbox 873 2190 988 2228; x_wconf 84' lang='lat' dir='ltr'>justitio</span> <span class='ocrx_word' id='word_1_319' title='bbox 1003 2190 1067 2221; x_wconf 87' lang='lat' dir='ltr'>dic-</span> 
     </span>
     <span class='ocr_line' id='line_1_47' title="bbox 396 2227 922 2265; baseline 0.008 -10"><span class='ocrx_word' id='word_1_320' title='bbox 396 2232 464 2255; x_wconf 81' lang='lat' dir='ltr'>tum</span> <span class='ocrx_word' id='word_1_321' title='bbox 483 2227 522 2255; x_wconf 84' lang='lat' dir='ltr'>est</span> <span class='ocrx_word' id='word_1_322' title='bbox 538 2228 691 2263; x_wconf 83' lang='lat' dir='ltr'>Annal.1,</span> <span class='ocrx_word' id='word_1_323' title='bbox 707 2233 752 2259; x_wconf 90' lang='lat'>16.</span> <span class='ocrx_word' id='word_1_324' title='bbox 764 2230 797 2260; x_wconf 74' lang='grc' dir='ltr'>ὅ(</span> <span class='ocrx_word' id='word_1_325' title='bbox 812 2231 856 2265; x_wconf 85' lang='grc' dir='ltr'>ΙΙ,</span> <span class='ocrx_word' id='word_1_326' title='bbox 875 2232 922 2259; x_wconf 84' lang='lat'>82.</span> 
     </span>
     <span class='ocr_line' id='line_1_48' title="bbox 411 2266 1067 2308; baseline 0.009 -15"><span class='ocrx_word' id='word_1_327' title='bbox 411 2301 417 2307; x_wconf 42' lang='grc'><em>·</em></span> <span class='ocrx_word' id='word_1_328' title='bbox 434 2269 450 2287; x_wconf 62' lang='lat'><strong>4</strong></span> <span class='ocrx_word' id='word_1_329' title='bbox 471 2266 562 2308; x_wconf 47' lang='grc' dir='ltr'>-Αιρεο</span> <span class='ocrx_word' id='word_1_330' title='bbox 577 2278 676 2297; x_wconf 53' lang='lat' dir='ltr'>ramur</span> <span class='ocrx_word' id='word_1_331' title='bbox 692 2269 841 2305; x_wconf 56' lang='lat' dir='ltr'>Incfiusa]</span> <span class='ocrx_word' id='word_1_332' title='bbox 857 2269 927 2298; x_wconf 82' lang='lat' dir='ltr'>Haec</span> <span class='ocrx_word' id='word_1_333' title='bbox 937 2269 1067 2307; x_wconf 71' lang='lat' dir='ltr'>flagran-</span> 
     </span>
     <span class='ocr_line' id='line_1_49' title="bbox 395 2305 1065 2340; baseline 0.009 -9"><span class='ocrx_word' id='word_1_334' title='bbox 395 2310 440 2332; x_wconf 75' lang='lat' dir='ltr'>tia</span> <span class='ocrx_word' id='word_1_335' title='bbox 452 2313 568 2334; x_wconf 69' lang='lat' dir='ltr'>civrum</span> <span class='ocrx_word' id='word_1_336' title='bbox 579 2305 677 2335; x_wconf 82' lang='lat' dir='ltr'>studia</span> <span class='ocrx_word' id='word_1_337' title='bbox 698 2316 872 2337; x_wconf 78' lang='lat' dir='ltr'>memorant</span> <span class='ocrx_word' id='word_1_338' title='bbox 889 2307 950 2337; x_wconf 90' lang='lat' dir='ltr'>Dio</span> <span class='ocrx_word' id='word_1_339' title='bbox 962 2331 969 2340; x_wconf 81' lang='grc'>,</span> <span class='ocrx_word' id='word_1_340' title='bbox 985 2310 1065 2337; x_wconf 82' lang='lat' dir='ltr'><strong>LIX.</strong></span> 
     </span>
     <span class='ocr_line' id='line_1_50' title="bbox 395 2345 1067 2412; baseline 0.006 -39"><span class='ocrx_word' id='word_1_341' title='bbox 395 2346 554 2412; x_wconf 47' lang='grc' dir='ltr'>Εςᾱὲνῗῗς.</span> <span class='ocrx_word' id='word_1_342' title='bbox 580 2345 744 2376; x_wconf 66' lang='lat' dir='ltr'>Suetonius</span> <span class='ocrx_word' id='word_1_343' title='bbox 773 2346 806 2375; x_wconf 89' lang='lat' dir='ltr'>in</span> <span class='ocrx_word' id='word_1_344' title='bbox 823 2346 902 2377; x_wconf 74' lang='lat' dir='ltr'>Caio</span> <span class='ocrx_word' id='word_1_345' title='bbox 916 2369 926 2383; x_wconf 85' lang='lat'><em>‚</em></span> <span class='ocrx_word' id='word_1_346' title='bbox 943 2348 1014 2378; x_wconf 80' lang='lat' dir='ltr'>XIV</span> <span class='ocrx_word' id='word_1_347' title='bbox 1034 2348 1067 2377; x_wconf 74' lang='grc' dir='ltr'>ὃ(</span> 
     </span>
    </p>
   </div>
   <div class='ocr_carea' id='block_1_13' title="bbox 1105 1877 1774 2423">
    <p class='ocr_par' dir='ltr' id='par_1_15' title="bbox 1106 1877 1487 1908">
     <span class='ocr_line' id='line_1_51' title="bbox 1106 1877 1487 1908; baseline -0.003 0"><span class='ocrx_word' id='word_1_348' title='bbox 1106 1877 1252 1908; x_wconf 82' lang='lat' dir='ltr'>veniliter</span> <span class='ocrx_word' id='word_1_349' title='bbox 1266 1877 1487 1908; x_wconf 83' lang='lat' dir='ltr'>luxuriantem.</span> 
     </span>
    </p>

    <p class='ocr_par' dir='ltr' id='par_1_16' title="bbox 1106 1914 1774 2111">
     <span class='ocr_line' id='line_1_52' title="bbox 1146 1914 1774 1950; baseline 0 -4"><span class='ocrx_word' id='word_1_350' title='bbox 1146 1922 1158 1942; x_wconf 89' lang='grc'>7</span> <span class='ocrx_word' id='word_1_351' title='bbox 1180 1919 1228 1946; x_wconf 85' lang='lat' dir='ltr'>AD</span> <span class='ocrx_word' id='word_1_352' title='bbox 1252 1929 1344 1948; x_wconf 61' lang='lat' dir='ltr'>virm</span> <span class='ocrx_word' id='word_1_353' title='bbox 1367 1920 1505 1950; x_wconf 67' lang='lat' dir='ltr'>DELAssr]</span> <span class='ocrx_word' id='word_1_354' title='bbox 1531 1915 1619 1946; x_wconf 83' lang='lat' dir='ltr'>Philo</span> <span class='ocrx_word' id='word_1_355' title='bbox 1638 1916 1700 1945; x_wconf 88' lang='lat' dir='ltr'>loc.</span> <span class='ocrx_word' id='word_1_356' title='bbox 1720 1914 1774 1946; x_wconf 77' lang='lat' dir='ltr'>cit.</span> 
     </span>
     <span class='ocr_line' id='line_1_53' title="bbox 1106 1955 1774 1993; baseline -0.003 -7"><span class='ocrx_word' id='word_1_357' title='bbox 1106 1956 1140 1986; x_wconf 86' lang='lat'>&amp;</span> <span class='ocrx_word' id='word_1_358' title='bbox 1163 1956 1205 1986; x_wconf 82' lang='lat' dir='ltr'>ait</span> <span class='ocrx_word' id='word_1_359' title='bbox 1234 1955 1267 1984; x_wconf 89' lang='lat' dir='ltr'>in</span> <span class='ocrx_word' id='word_1_360' title='bbox 1289 1955 1373 1986; x_wconf 79' lang='lat' dir='ltr'>votis</span> <span class='ocrx_word' id='word_1_361' title='bbox 1395 1955 1470 1993; x_wconf 82' lang='lat' dir='ltr'>saepe</span> <span class='ocrx_word' id='word_1_362' title='bbox 1490 1955 1636 1985; x_wconf 83' lang='lat' dir='ltr'>humanas</span> <span class='ocrx_word' id='word_1_363' title='bbox 1655 1962 1774 1984; x_wconf 86' lang='lat' dir='ltr'>mentes</span> 
     </span>
     <span class='ocr_line' id='line_1_54' title="bbox 1106 1993 1774 2033; baseline -0.003 -8"><span class='ocrx_word' id='word_1_364' title='bbox 1106 1995 1246 2025; x_wconf 84' lang='lat' dir='ltr'>caecutire</span> <span class='ocrx_word' id='word_1_365' title='bbox 1259 2018 1267 2030; x_wconf 90' lang='lat'>‚</span> <span class='ocrx_word' id='word_1_366' title='bbox 1284 1995 1318 2025; x_wconf 74' lang='grc' dir='ltr'>ὃ(</span> <span class='ocrx_word' id='word_1_367' title='bbox 1333 1994 1407 2033; x_wconf 87' lang='lat' dir='ltr'>quid</span> <span class='ocrx_word' id='word_1_368' title='bbox 1422 1994 1456 2024; x_wconf 83' lang='lat' dir='ltr'>fit</span> <span class='ocrx_word' id='word_1_369' title='bbox 1477 2004 1582 2024; x_wconf 85' lang='lat' dir='ltr'>revera</span> <span class='ocrx_word' id='word_1_370' title='bbox 1596 1993 1671 2024; x_wconf 84' lang='lat' dir='ltr'>utile</span> <span class='ocrx_word' id='word_1_371' title='bbox 1680 1993 1774 2032; x_wconf 81' lang='lat' dir='ltr'>igno-</span> 
     </span>
     <span class='ocr_line' id='line_1_55' title="bbox 1107 2033 1774 2071; baseline -0.003 -8"><span class='ocrx_word' id='word_1_372' title='bbox 1107 2044 1171 2064; x_wconf 75' lang='lat' dir='ltr'>rare</span> <span class='ocrx_word' id='word_1_373' title='bbox 1191 2045 1198 2061; x_wconf 73' lang='grc' dir='ltr'><strong><em>Σ</em></strong></span> <span class='ocrx_word' id='word_1_374' title='bbox 1220 2034 1364 2071; x_wconf 49' lang='lat' dir='ltr'>”sommia</span> <span class='ocrx_word' id='word_1_375' title='bbox 1388 2033 1438 2071; x_wconf 57' lang='grc' dir='ltr'>’γὰρ</span> <span class='ocrx_word' id='word_1_376' title='bbox 1462 2035 1473 2062; x_wconf 80' lang='grc' dir='ltr'><strong><em>ὃ</em></strong></span> <span class='ocrx_word' id='word_1_377' title='bbox 1498 2033 1639 2070; x_wconf 48' lang='lat' dir='ltr'>hostire&amp;</span> <span class='ocrx_word' id='word_1_378' title='bbox 1663 2036 1701 2063; x_wconf 69' lang='grc' dir='ltr'>νὲς</span> <span class='ocrx_word' id='word_1_379' title='bbox 1713 2033 1774 2070; x_wconf 57' lang='grc' dir='ltr'>πρὶς</span> 
     </span>
     <span class='ocr_line' id='line_1_56' title="bbox 1107 2073 1585 2111; baseline -0.002 -9"><span class='ocrx_word' id='word_1_380' title='bbox 1107 2088 1147 2104; x_wconf 73' lang='grc' dir='ltr'>την</span> <span class='ocrx_word' id='word_1_381' title='bbox 1158 2077 1190 2103; x_wconf 63' lang='grc' dir='ltr'><strong>τέ</strong></span> <span class='ocrx_word' id='word_1_382' title='bbox 1202 2074 1364 2111; x_wconf 72' lang='grc' dir='ltr'>συμφέροντος</span> <span class='ocrx_word' id='word_1_383' title='bbox 1381 2073 1452 2103; x_wconf 63' lang='grc' dir='ltr'><strong><em>’ἐπ-ως</em></strong></span> <span class='ocrx_word' id='word_1_384' title='bbox 1466 2073 1585 2104; x_wconf 40' lang='lat' dir='ltr'>‘2303er-</span> 
     </span>
    </p>

    <p class='ocr_par' dir='ltr' id='par_1_17' title="bbox 1105 2109 1774 2423">
     <span class='ocr_line' id='line_1_57' title="bbox 1147 2109 1773 2147; baseline -0.003 -6"><span class='ocrx_word' id='word_1_385' title='bbox 1147 2114 1158 2131; x_wconf 63' lang='grc'><strong>3</strong></span> <span class='ocrx_word' id='word_1_386' title='bbox 1182 2113 1339 2141; x_wconf 64' lang='lat' dir='ltr'>FRATREM</span> <span class='ocrx_word' id='word_1_387' title='bbox 1363 2122 1456 2142; x_wconf 71' lang='lat' dir='ltr'>simui.</span> <span class='ocrx_word' id='word_1_388' title='bbox 1475 2123 1511 2142; x_wconf 82' lang='lat' dir='ltr'>ET</span> <span class='ocrx_word' id='word_1_389' title='bbox 1531 2112 1663 2147; x_wconf 67' lang='lat' dir='ltr'>fuum]</span> <span class='ocrx_word' id='word_1_390' title='bbox 1682 2109 1773 2140; x_wconf 82' lang='lat' dir='ltr'>Tibe-</span> 
     </span>
     <span class='ocr_line' id='line_1_58' title="bbox 1106 2149 1774 2187; baseline -0.003 -7"><span class='ocrx_word' id='word_1_391' title='bbox 1106 2150 1165 2181; x_wconf 83' lang='lat' dir='ltr'>rius</span> <span class='ocrx_word' id='word_1_392' title='bbox 1178 2173 1185 2186; x_wconf 92' lang='lat'>,</span> <span class='ocrx_word' id='word_1_393' title='bbox 1199 2150 1286 2180; x_wconf 75' lang='lat' dir='ltr'>Drusi</span> <span class='ocrx_word' id='word_1_394' title='bbox 1298 2151 1419 2180; x_wconf 80' lang='lat' dir='ltr'>Caesaris</span> <span class='ocrx_word' id='word_1_395' title='bbox 1431 2150 1511 2180; x_wconf 85' lang='lat' dir='ltr'>filius</span> <span class='ocrx_word' id='word_1_396' title='bbox 1522 2173 1530 2186; x_wconf 90' lang='lat'>‚</span> <span class='ocrx_word' id='word_1_397' title='bbox 1549 2149 1640 2180; x_wconf 84' lang='lat' dir='ltr'>frater</span> <span class='ocrx_word' id='word_1_398' title='bbox 1655 2157 1774 2187; x_wconf 86' lang='lat' dir='ltr'>patrue-</span> 
     </span>
     <span class='ocr_line' id='line_1_59' title="bbox 1107 2187 1774 2220; baseline -0.004 -1"><span class='ocrx_word' id='word_1_399' title='bbox 1107 2190 1143 2219; x_wconf 80' lang='lat' dir='ltr'>lis</span> <span class='ocrx_word' id='word_1_400' title='bbox 1159 2198 1222 2220; x_wconf 77' lang='lat' dir='ltr'>erat</span> <span class='ocrx_word' id='word_1_401' title='bbox 1243 2189 1311 2220; x_wconf 85' lang='lat' dir='ltr'>Caii</span> <span class='ocrx_word' id='word_1_402' title='bbox 1333 2191 1374 2220; x_wconf 91' lang='lat' dir='ltr'>ob</span> <span class='ocrx_word' id='word_1_403' title='bbox 1397 2188 1615 2219; x_wconf 86' lang='lat' dir='ltr'>Germanicum</span> <span class='ocrx_word' id='word_1_404' title='bbox 1642 2187 1774 2217; x_wconf 85' lang='lat' dir='ltr'>aTibe-</span> 
     </span>
     <span class='ocr_line' id='line_1_60' title="bbox 1106 2226 1773 2267; baseline -0.003 -8"><span class='ocrx_word' id='word_1_405' title='bbox 1106 2229 1153 2259; x_wconf 88' lang='lat' dir='ltr'>rio</span> <span class='ocrx_word' id='word_1_406' title='bbox 1166 2231 1354 2267; x_wconf 83' lang='lat' dir='ltr'>Imperatore</span> <span class='ocrx_word' id='word_1_407' title='bbox 1371 2228 1572 2265; x_wconf 75' lang='lat' dir='ltr'>adoptatum3</span> <span class='ocrx_word' id='word_1_408' title='bbox 1598 2226 1680 2256; x_wconf 87' lang='lat' dir='ltr'>filius</span> <span class='ocrx_word' id='word_1_409' title='bbox 1696 2227 1773 2257; x_wconf 75' lang='lat' dir='ltr'>vero</span> 
     </span>
     <span class='ocr_line' id='line_1_61' title="bbox 1107 2266 1773 2306; baseline -0.005 -9"><span class='ocrx_word' id='word_1_410' title='bbox 1107 2268 1175 2297; x_wconf 78' lang='lat' dir='ltr'>Caii</span> <span class='ocrx_word' id='word_1_411' title='bbox 1202 2291 1210 2303; x_wconf 92' lang='lat'>‚</span> <span class='ocrx_word' id='word_1_412' title='bbox 1245 2267 1317 2306; x_wconf 85' lang='lat' dir='ltr'>quia</span> <span class='ocrx_word' id='word_1_413' title='bbox 1344 2267 1377 2298; x_wconf 88' lang='lat'>&amp;</span> <span class='ocrx_word' id='word_1_414' title='bbox 1401 2266 1460 2304; x_wconf 85' lang='lat' dir='ltr'>ipse</span> <span class='ocrx_word' id='word_1_415' title='bbox 1475 2276 1490 2295; x_wconf 84' lang='lat' dir='ltr'>a</span> <span class='ocrx_word' id='word_1_416' title='bbox 1505 2266 1584 2296; x_wconf 83' lang='lat' dir='ltr'>Caio</span> <span class='ocrx_word' id='word_1_417' title='bbox 1599 2266 1773 2303; x_wconf 74' lang='lat' dir='ltr'>adoptatus.</span> 
     </span>
     <span class='ocr_line' id='line_1_62' title="bbox 1105 2305 1774 2340; baseline -0.003 -4"><span class='ocrx_word' id='word_1_418' title='bbox 1105 2307 1184 2336; x_wconf 85' lang='lat' dir='ltr'>Vide</span> <span class='ocrx_word' id='word_1_419' title='bbox 1210 2308 1345 2336; x_wconf 82' lang='lat' dir='ltr'>Stemma</span> <span class='ocrx_word' id='word_1_420' title='bbox 1365 2306 1516 2334; x_wconf 82' lang='lat' dir='ltr'>Caesarum</span> <span class='ocrx_word' id='word_1_421' title='bbox 1542 2328 1550 2338; x_wconf 83' lang='grc'>,</span> <span class='ocrx_word' id='word_1_422' title='bbox 1579 2314 1662 2334; x_wconf 86' lang='lat' dir='ltr'>num.</span> <span class='ocrx_word' id='word_1_423' title='bbox 1676 2305 1774 2340; x_wconf 83' lang='lat'>72.&amp;</span> 
     </span>
     <span class='ocr_line' id='line_1_63' title="bbox 1106 2344 1772 2379; baseline -0.003 -5"><span class='ocrx_word' id='word_1_424' title='bbox 1106 2345 1290 2374; x_wconf 84' lang='lat' dir='ltr'>Suetonium</span> <span class='ocrx_word' id='word_1_425' title='bbox 1319 2344 1351 2373; x_wconf 91' lang='lat' dir='ltr'>in</span> <span class='ocrx_word' id='word_1_426' title='bbox 1373 2344 1452 2374; x_wconf 81' lang='lat' dir='ltr'>Caio</span> <span class='ocrx_word' id='word_1_427' title='bbox 1477 2367 1485 2379; x_wconf 87' lang='lat'><strong>‚</strong></span> <span class='ocrx_word' id='word_1_428' title='bbox 1518 2345 1574 2376; x_wconf 84' lang='lat' dir='ltr'>XV</span> <span class='ocrx_word' id='word_1_429' title='bbox 1596 2344 1630 2376; x_wconf 70' lang='grc' dir='ltr'>ὃ(</span> <span class='ocrx_word' id='word_1_430' title='bbox 1657 2344 1772 2374; x_wconf 76' lang='lat' dir='ltr'>xxm.</span> 
     </span>
     <span class='ocr_line' id='line_1_64' title="bbox 1107 2384 1522 2423; baseline -0.002 -9"><span class='ocrx_word' id='word_1_431' title='bbox 1107 2384 1244 2415; x_wconf 85' lang='lat' dir='ltr'>Dionem</span> <span class='ocrx_word' id='word_1_432' title='bbox 1255 2407 1264 2423; x_wconf 83' lang='lat'>,</span> <span class='ocrx_word' id='word_1_433' title='bbox 1279 2384 1362 2414; x_wconf 90' lang='lat' dir='ltr'><strong>LIX.</strong></span> <span class='ocrx_word' id='word_1_434' title='bbox 1376 2393 1441 2422; x_wconf 78' lang='lat' dir='ltr'>pag.</span> <span class='ocrx_word' id='word_1_435' title='bbox 1454 2386 1522 2421; x_wconf 67' lang='lat'>645,</span> 
     </span>
    </p>
   </div>
   <div class='ocr_carea' id='block_1_14' title="bbox 1831 492 1854 532">
    <p class='ocr_par' dir='ltr' id='par_1_18' title="bbox 1831 492 1854 532">
     <span class='ocr_line' id='line_1_65' title="bbox 1831 492 1854 532; baseline 0 0"><span class='ocrx_word' id='word_1_436' title='bbox 1831 492 1854 532; x_wconf 85' lang='lat'><em>5</em></span> 
     </span>
    </p>
   </div>
   <div class='ocr_carea' id='block_1_15' title="bbox 1808 802 1857 832">
    <p class='ocr_par' dir='ltr' id='par_1_19' title="bbox 1808 802 1857 832">
     <span class='ocr_line' id='line_1_66' title="bbox 1808 802 1857 832; baseline 0.061 -3"><span class='ocrx_word' id='word_1_437' title='bbox 1808 802 1857 832; x_wconf 86' lang='lat'>10</span> 
     </span>
    </p>
   </div>
   <div class='ocr_carea' id='block_1_16' title="bbox 1808 1116 1855 1156">
    <p class='ocr_par' dir='ltr' id='par_1_20' title="bbox 1808 1116 1855 1156">
     <span class='ocr_line' id='line_1_67' title="bbox 1808 1116 1855 1156; baseline 0 0"><span class='ocrx_word' id='word_1_438' title='bbox 1808 1116 1855 1156; x_wconf 86' lang='lat'>15</span> 
     </span>
    </p>
   </div>
   <div class='ocr_carea' id='block_1_17' title="bbox 1803 1432 1858 1462">
    <p class='ocr_par' dir='ltr' id='par_1_21' title="bbox 1803 1432 1858 1462">
     <span class='ocr_line' id='line_1_68' title="bbox 1803 1432 1858 1462; baseline 0.036 -2"><span class='ocrx_word' id='word_1_439' title='bbox 1803 1432 1858 1462; x_wconf 90' lang='lat'>20</span> 
     </span>
    </p>
   </div>
  </div>
 </body>
</html>
