1952 2708
413 110 616 152 LIBRI
660 109 853 150 ΝΟΝΙ
897 108 1312 150 ANNALIUM.
1468 113 1558 159 '389

634 193 645 209 1

182 206 257 246 que
284 190 402 232 frater
436 189 604 230 Sabinus

183 254 394 295 Gallorum
412 255 426 272 ²
463 252 694 307 inruptione
723 253 763 289 ἃ(
789 250 950 290 suorum
985 249 1092 289 luelu
1121 251 1325 302 turbidos,
1352 253 1561 308 inopinato

662 216 675 237 ,
705 186 886 241 legatus,
926 203 1083 228 amnem
1110 188 1359 240 trajecerant.
1387 189 1560 238 Hostes,
1589 208 1703 216 -—--

1588 243 1704 267 A.U.C.

1610 291 1683 328 796.

179 317 336 366 adorti,
367 314 560 370 plurimos
584 312 832 354 interfecere.
854 313 946 367 Qua
975 312 1088 353 clade
1114 328 1196 353 non
1218 312 1385 364 dejecti,
1414 316 1564 356 inritati
1616 346 1680 370 ὣς.

180 380 306 432 magis
338 377 549 426 Britanni,
579 377 815 432 sumptoque
850 389 899 416 ex
940 376 1074 416 furore
1108 375 1302 426 confilio,
1332 377 1564 432 patientiam

127 449 153 495 ,ς
181 441 391 490 incusant,
415 441 533 494 seque
558 439 606 480 ad
632 438 819 495 proelium
847 440 1092 493 accingunt:
1114 453 1188 478 nec
1212 439 1281 477 nifi
1302 440 1343 478 in
1367 440 1565 494 posterum

180 504 287 545 diem
315 503 507 544 differtur.
527 503 723 557 Utrinque
753 501 944 543 acerrime
966 514 1186 557 pugnatum
1215 518 1222 540 :
1252 501 1414 542 nutabat
1442 504 1567 543 vicio-

179 569 263 614 ria3
291 565 448 620 jamque
478 567 605 606 hostes
632 565 843 606 Hofidium
872 558 1019 605 Getani
1046 570 1055 593 ³
1090 563 1448 614 circumsistebant,
1475 569 1566 606 cum

1622 403 1674 430 43·

180 629 359 686 pericula
379 631 420 668 in
442 643 581 669 eorum
604 630 771 668 exitium
806 629 838 667 is
876 629 1077 668 convertit
1095 657 1107 677 ,
1133 627 1279 680 eosque
1303 639 1384 666 tam
1411 627 1569 668 fortiter
1620 654 1622 657 v

186 693 413 748 superavit,
439 704 483 731 ut
499 721 512 741 ,
538 691 636 732 licet
662 691 842 732 nondum
864 690 1006 732 consul
1032 690 1187 741 fuiffet,
1204 688 1460 746 triumphalia
1476 690 1569 738 insi-3

106 764 156 791 10
179 757 274 811 gnia
305 755 524 796 obtinuerit
551 760 581 795 ⁴.

242 819 338 859 LV.
372 819 689 859 INFELICITER
714 816 866 860 tentata
893 818 1154 869 fortitudine,
1183 818 1366 859 Britanni
1395 817 1442 858 ad
1466 830 1569 858 artes

179 881 375 936 refugere.
396 883 615 937 Properant
641 883 689 923 ad
708 882 883 923 Tamesis
912 887 952 932 5,
982 883 1069 921 aestu
1094 882 1386 922 intumescente
1411 880 1568 921 adcres-

180 946 307 985 centis
321 975 333 994 ,
358 945 451 984 ostia
466 974 478 994 ,
501 946 632 998 gnaris
653 944 837 985 locorum
861 958 945 985 tuta
961 973 974 994 ,
998 946 1143 999 ignaris
1164 944 1282 985 infida
1296 973 1308 993 ,
1340 944 1568 997 flumenque

179 1006 397 1058 trajiciunt.
429 1008 634 1057 Romani,
663 1023 730 1048 eos
769 1008 970 1063 prosecuti
1000 1009 1225 1057 incautius,
1257 1005 1486 1062 periclitati.
1514 1008 1569 1045 At

105 1073 152 1114 15
181 1069 318 1121 Galli,
345 1069 396 1110 ob
423 1072 479 1110 rei
517 1069 797 1111 difficultatem
826 1071 1083 1121 audaciores,
1115 1083 1277 1111 enatant
1294 1099 1306 1119 ,
1339 1070 1434 1110 dum
1462 1068 1529 1109 alii
1555 1098 1570 1119 ,

178 1133 294 1188 supra
320 1148 411 1173 eum
438 1132 576 1174 locum
608 1148 677 1188 per
716 1147 882 1189 pontem
917 1133 1137 1188 transgressi
1156 1162 1168 1183 ,
1209 1131 1321 1172 simul
1353 1133 1568 1172 Britannos

179 1197 412 1237 adoriuntur
437 1226 449 1246 ,
492 1200 532 1236 <Sc
568 1195 784 1252 multiplici
825 1211 965 1252 pugnae
1005 1197 1218 1252 imparatos
1256 1196 1410 1249 ingenti
1455 1194 1570 1235 clade

178 1260 443 1315 prosternunt.
474 1259 724 1299 Laetiffimam
752 1261 958 1299 viCtoriam
988 1258 1114 1299 luCtus
1149 1259 1380 1313 occupavit.
1411 1259 1570 1312 Fugiti-

176 1337 250 1363 vos
270 1323 377 1362 enim
399 1322 494 1362 dum
519 1322 588 1377 ipsi
615 1320 879 1362 inconsultius
901 1337 1060 1375 quoque
1084 1321 1418 1375 insequebantur,
1446 1321 1567 1360 inviis

97 1399 153 1427 20
178 1384 389 1441 paludibus
416 1400 509 1425 cum
536 1382 662 1424 multa
689 1385 849 1425 suorum
874 1383 1021 1437 jaelurd
1047 1386 1171 1426 hausti
1202 1383 1293 1424 sunt
1322 1382 1352 1424 ⁶.

242 1448 365 1488 LVI.
399 1449 688 1498 PLAUT1US,
720 1447 920 1504 populos,
958 1463 1086 1501 neque
1125 1447 1389 1502 Togodumni
1427 1461 1527 1487 nece
1556 1475 1571 1497 9

181 1525 310 1565 neque
352 1510 428 1551 suis
471 1509 650 1551 cladibus
689 1510 859 1561 stauos,
890 1511 956 1551 sed
987 1510 1137 1552 ferocia
1162 1510 1297 1564 iraque
1332 1523 1532 1550 tumentes
1556 1538 1571 1560 ,

180 1589 263 1614 non
289 1588 438 1614 temere
466 1573 746 1629 provocandos
773 1587 878 1614 ratus
902 1603 915 1623 ,
956 1587 1153 1629 occupata
1181 1572 1273 1613 loca
1307 1573 1436 1613 firmat
1473 1588 1571 1628 prae-

182 1636 284 1677 fidiis
316 1641 360 1683 ⁷3
396 1637 594 1690 castraque
622 1639 662 1676 in
701 1636 840 1677 dextrfi
865 1637 1040 1677 Tamefis
1088 1634 1172 1692 rip&
1216 1649 1386 1676 metatus
1414 1632 1427 1655 ⁸
1458 1664 1470 1684 ,
1509 1650 1570 1675 res

97 1709 150 1748 25
181 1700 334 1754 gestas,
365 1699 539 1753 quidque
570 1699 613 1739 fit
641 1699 722 1754 spei
748 1698 996 1755 periculive,
1026 1701 1083 1739 uti
1109 1713 1191 1740 erat
1218 1697 1336 1750 jussus
1354 1728 1365 1747 ,
1394 1699 1573 1753 Principi

179 1763 394 1802 renuntiat.
433 1762 559 1802 Addit
587 1779 608 1798 «
638 1761 786 1803 validas
820 1763 978 1816 quidem
1009 1762 1085 1802 esse
1119 1775 1257 1816 gentes
1284 1778 1291 1800 z
1320 1775 1357 1800 at
1385 1761 1409 1798 fi
1439 1774 1571 1801 cetera

180 1825 262 1865 »ad
292 1825 333 1865 id
357 1823 508 1866 bellum
531 1839 665 1881 parata
695 1826 961 1873 accederent3
993 1829 1033 1866 &
1061 1825 1188 1865 Cacsar
1216 1825 1380 1864 numine
1409 1838 1454 1863 ac
1483 1837 1575 1878 prae-

221 1966 230 1980 ¹
255 1961 384 1991 FRATER
405 1963 561 1998 Sfxmuus]
582 1961 667 1998 Dio,
689 1961 766 1991 ibid.
781 1961 853 1991 Fla-
893 1965 959 1993 Jam
981 1961 1116 1992 vidimus
1139 1962 1229 2000 supra
1241 1970 1306 1998 cap.
1326 1969 1383 1995 29,
1405 1956 1570 1988 Hofidium

180 2000 249 2031 vius
263 2001 391 2031 Sabinus
406 2000 498 2030 frater
513 2010 575 2031 erat
589 2001 762 2038 Vespafiani
773 2023 781 2035 ‚
799 2001 852 2039 qui
893 2003 1005 2033 Getam
1018 2001 1216 2032 Mauritanici
1228 1999 1303 2030 belli
1317 1997 1540 2029 confetiorem.

179 2040 283 2077 postea
315 2039 374 2070 fuit
401 2041 581 2078 Imperator.
613 2039 691 2070 Vide
718 2042 853 2070 Stemma
931 2046 946 2064 4
960 2043 1185 2071 TmuMPnALm
1202 2049 1338 2068 insicum
1351 2039 1565 2074 OETJNUERIT]

177 2078 361 2109 Flaviorum
374 2079 407 2108 in
420 2079 512 2109 Notis
527 2080 561 2109 ὃς
574 2078 852 2108 Emendationibus
894 2079 956 2110 Dio
968 2104 976 2116 ‚
996 2080 1073 2109 ibid.
1088 2080 1135 2109 De
1148 2077 1382 2115 triumphalibus
1402 2085 1570 2106 ornamen-

178 2118 219 2147 ad
235 2118 307 2147 Hist.
324 2120 335 2146 I
353 2137 362 2150 ‚
381 2122 431 2154 46.
459 2119 593 2156 Legatus
615 2127 716 2148 autem
739 2117 853 2146 dicitur
894 2119 933 2148 tis
946 2119 1081 2148 diximus
1093 2119 1177 2156 supra
1191 2118 1223 2146 in
1236 2117 1307 2147 Vita
1324 2115 1424 2154 Agric.
1441 2116 1539 2145 XLV.

179 2157 327 2190 Sabinus,
345 2158 429 2196 quod
441 2157 509 2187 sane
522 2165 647 2195 praeerat
658 2156 713 2186 uni
726 2167 741 2185 e
753 2155 854 2194 legio·
933 2163 941 2183 5
966 2159 1134 2194 TAMEsrs]
1158 2158 1250 2186 Nunc
1272 2155 1299 2183 la
1319 2154 1434 2191 Tamzfh.

179 2195 289 2230 nibus,
311 2207 376 2235 quae
396 2196 429 2226 in
448 2196 607 2226 Britannia
625 2195 813 2226 militabant.
931 2198 944 2215 ⁶
968 2198 1088 2226 HAusrr
1111 2198 1214 2232 SUNT]
1238 2194 1301 2224 Dio
1316 2218 1325 2230 ‚
1348 2193 1426 2222 ibid.

220 2236 231 2249 ²
256 2236 437 2265 GALLORUM
458 2237 470 2272 ]
493 2235 555 2272 Qui
572 2245 695 2265 amnem
710 2243 853 2265 tranave-
932 2242 944 2261 7
967 2237 1097 2265 Frmmr
1118 2235 1303 2270 Pnffismns]
1326 2233 1487 2268 Di0,LX.
1501 2242 1568 2271 pag.

181 2281 269 2310 rant3
290 2282 323 2304 ut
336 2275 432 2305 modo
449 2274 564 2304 dietum
579 2275 619 2304 est
632 2274 727 2313 supra.
893 2278 956 2314 679

223 2317 232 2337 ὅ
256 2313 417 2343 Hosimum
441 2314 555 2344 GETAM
583 2315 595 2350 ]
631 2316 732 2351 Quem
758 2313 820 2343 Dio
842 2336 851 2349 ‚
931 2315 942 2333 ⁸
960 2297 1143 2350 Mamm]
1165 2314 1232 2342 Huc
1256 2311 1339 2342 enim
1365 2310 1452 2341 venit
1467 2310 1568 2340 Clau-

178 2350 243 2382 loc.
257 2351 310 2382 cit.
324 2352 459 2391 appellat
475 2354 535 2385 Cn.
554 2352 717 2385 Hofidium
728 2353 854 2384 Getam.
891 2353 977 2390 dius,
994 2362 1027 2385 ut
1041 2361 1124 2392 patet
1138 2363 1176 2383 ex
1188 2351 1294 2383 Dione
1307 2375 1317 2391 ‚
1340 2351 1401 2382 loc.
1417 2350 1471 2381 cit.
