1952 2708
344 133 401 171 '26
609 124 660 165 C.
727 119 1119 164 CORNELII
1183 118 1474 162 TACITI

343 205 513 265 phalerae
527 234 539 254 ,
566 203 803 258 torquesque
823 208 849 244 ¹.
863 203 952 247 Jam
979 206 1020 243 ἃ
1041 202 1256 258 pecuniam
1276 204 1460 259 accipere
1476 199 1687 247 docuimus
1702 209 1734 248 ².

409 268 537 311 XVI.
569 269 773 309 NULLAS
802 268 1098 308 Germanorum
1115 265 1275 323 populis
1297 266 1413 308 urbes
1430 267 1600 309 habitari
1618 274 1652 321 ³,
1673 271 1733 312 sa-

343 336 392 373 tis
418 344 558 373 norum
583 332 656 371 est:
687 346 737 372 ne
762 332 844 388 pati
867 331 1028 386 quidem
1057 331 1161 371 inter
1182 330 1222 370 se
1246 328 1396 382 juneas
1424 331 1549 373 sedes.
1576 332 1733 375 Colunt

344 396 505 437 discreti
532 410 578 436 ac
609 395 774 446 diversi,
813 407 858 436 ut
883 395 1002 446 fons,
1030 406 1076 435 ut
1102 408 1294 451 campus,
1320 407 1366 434 ut
1394 409 1534 436 nemus
1561 394 1731 451 placuit.

344 460 471 501 Vicos
491 457 656 510 locant,
684 474 767 500 non
788 459 830 499 in
850 460 1026 500 nostrum
1046 473 1199 499 morem
1215 487 1229 509 ,
1254 458 1448 499 connexis
1472 463 1512 498 δί
1535 459 1734 501 cohaeren-

341 522 448 564 tibus
482 522 679 563 aedificiis:
708 522 817 564 suam
845 523 1009 578 quisque
1034 523 1199 564 domum
1224 522 1352 578 spatio
1377 522 1601 563 circumdat
1622 527 1640 551 4
1656 552 1669 575 ,
1692 523 1733 563 fi-

342 601 394 626 ve
420 585 603 627 adversus
627 586 738 627 casus
762 586 866 641 ignis
895 591 908 618 5
936 587 1158 627 remedium
1174 615 1188 637 ,
1214 586 1291 626 slve
1318 583 1476 627 inscitia
1496 585 1732 628 aedificandi.

343 651 412 692 Ne
433 663 719 690 caernentorum
740 649 900 704 quidem
924 650 1029 706 apud
1049 648 1163 701 illos,
1184 662 1252 691 aut
1271 648 1499 705 tegularum
1518 649 1632 690 usus:
1652 665 1732 691 ma·

342 710 443 770 teria
468 712 485 735 ⁶
511 713 561 754 ad
584 715 719 754 omnia
742 726 910 754 utuntur
935 713 1124 764 informi,
1155 717 1197 754 ὃς
1221 715 1319 754 citra
1343 713 1518 770 speciem
1533 742 1546 764 ,
1576 726 1644 755 aut
1667 713 1732 755 de-

341 772 611 817 leciationem.
648 776 844 831 Quaedam
876 776 969 818 loca
1000 776 1232 832 diligentius
1258 776 1424 817 illinunt
1449 774 1553 817 terra
1583 781 1597 803 ⁷
1624 805 1638 827 ,
1675 778 1732 819 ita

341 838 438 895 pura
464 855 510 880 ac
533 838 768 895 splendente
783 870 798 891 ‚
824 853 869 881 ut
890 842 1081 897 pifiluram
1101 856 1147 881 ac
1170 840 1414 882 lineamenta
1441 838 1628 881 colorum
1646 841 1732 881 imi-

343 910 462 946 tetur.
482 902 626 945 Solent
651 907 692 944 &
718 902 993 947 subterraneos
1013 905 1155 961 specus
1183 902 1196 926 ⁸
1222 905 1401 961 aperire,
1428 903 1575 958 eosque
1599 902 1733 946 multo

381 1040 389 1054 ¹
414 1036 584 1075 PHALERAE,
603 1047 805 1074 TORQUESQUE
827 1039 841 1075 ]
864 1038 937 1069 Haec
953 1039 1012 1068 mi-
1054 1036 1201 1075 quidem,
1223 1034 1383 1075 magisque
1410 1035 1510 1067 adhuc
1531 1036 1640 1076 bello,
1663 1046 1732 1068 me·-

1762 789 1814 821 10

338 1074 441 1105 litaria
470 1077 572 1113 dona,
601 1076 784 1116 virtutisque
806 1077 926 1107 bellicae
944 1077 1014 1107 infi-
1053 1076 1199 1105 tuendos.
1213 1074 1363 1104 Fer-ventes
1386 1076 1471 1106 enim
1486 1076 1564 1115 fufili
1579 1087 1613 1106 ex
1629 1077 1731 1122 crrgillci
1790 1088 1794 1089 ⁷

338 1113 421 1152 gnia.
439 1115 518 1145 Vide
539 1116 625 1154 supra
642 1117 737 1146 Tom.
756 1118 780 1145 Ι,
802 1125 870 1154 pag.
889 1126 957 1154 353.
980 1117 1014 1147 ὃ(
1050 1113 1170 1152 glandes
1183 1113 1302 1151 fundis,
1320 1114 1508 1151 &fhrvefac‘la
1518 1116 1615 1153 jacula
1636 1127 1665 1146 ιη
1681 1126 1730 1145 ca·-

336 1153 432 1182 Tom.
450 1155 505 1184 III.
520 1164 587 1193 pag.
614 1165 685 1192 412.
704 1157 798 1185 Erant
811 1156 845 1185 &
859 1154 990 1192 phalerae
1005 1179 1014 1193 ,
1045 1153 1112 1192 ftzr,
1133 1163 1200 1192 quae
1215 1153 1488 1197 stramentis-erant
1503 1158 1588 1185 teetae
1600 1179 1610 1192 ‚
1630 1156 1731 1194 jacere

336 1191 448 1230 quibus
477 1194 667 1224 ornabantur
701 1194 784 1233 equi.
818 1193 898 1224 Vide
924 1195 1014 1225 Sido·
1053 1200 1229 1228 noverant,
1247 1200 1281 1222 ut
1299 1202 1466 1231 aceipimus
1483 1204 1521 1224 ex
1534 1194 1618 1225 Julio
1633 1196 1732 1226 Caesa-

336 1232 425 1261 nium
441 1233 658 1271 Apollinarem
672 1233 762 1271 Epist.
776 1235 818 1264 IV
828 1256 837 1269 ‚
861 1244 911 1263 20.

377 1276 389 1289 ²
411 1272 581 1302 Documus
604 1273 618 1308 ]
638 1273 764 1303 Pessimo
785 1272 912 1312 quidem
929 1271 1012 1302 insti-

336 1317 406 1340 tuto
419 1334 428 1347 ,
448 1311 482 1341 ὃς
496 1311 582 1350 quod
598 1312 632 1340 in
649 1312 786 1342 Romani
808 1311 929 1350 imperii
952 1311 1014 1341 rui-

335 1359 410 1379 nam
425 1350 517 1380 cessit.
531 1350 680 1381 Germani
697 1351 782 1381 enim
794 1374 802 1387 ‚
825 1351 898 1381 teste
914 1352 1014 1381 Hero-

337 1388 434 1419 diano
451 1389 520 1418 libr.
539 1391 593 1420 VI.
610 1400 678 1430 pag.
700 1400 768 1428 139.
783 1390 922 1428 pecuniae
946 1390 1013 1420 sunt

336 1427 442 1464 avidi,
467 1428 501 1458 &
515 1428 631 1467 semper
649 1439 725 1460 auro
739 1439 848 1468 pacem
863 1429 1013 1460 Romanis

336 1468 604 1505 cauponabantur.
643 1468 716 1507 τέτῳ
737 1469 786 1508 γὰρ
814 1469 976 1507 (χρημάτων
1001 1474 1011 1505 >

333 1506 438 1543 palemque
465 1508 581 1545 Γερμανοὶ
611 1508 741 1545 πεξθοντοᾳ
763 1530 772 1544 ,
810 1509 964 1547 φιλάργυροῖ
987 1523 1012 1538 τε

335 1546 400 1577 ἱέντες
423 1561 465 1582 ’2914
490 1548 531 1578 rim
553 1547 639 1585 εἰρήνην
653 1547 689 1577 ἀεὶ
709 1548 770 1586 πρὶς
782 1547 908 1585 Ρ’ωμοιι’8ς
919 1549 1011 1587 χρυσιέ

334 1587 527 1617 καπηλεύοντες.

375 1630 385 1650 3
410 1626 512 1655 URBES
535 1636 687 1656 ΗΑΒΙΤΑΜ

334 1661 385 1694 hic
406 1663 483 1694 usus.
500 1665 583 1694 Nam
606 1675 645 1694 ne
660 1665 750 1695 unius
775 1666 903 1704 quidem
928 1667 1011 1696 urbis

333 1703 487 1733 memoria
519 1704 600 1742 apud
629 1704 830 1735 Ammianum
857 1706 1011 1735 Marcelli-

333 1750 409 1770 num
421 1765 429 1778 ,
448 1742 500 1781 qui
514 1744 599 1773 bella
610 1744 826 1775 Romanorum
840 1743 873 1773 in
883 1745 1011 1775 Germa-

332 1780 385 1810 nia
401 1781 564 1819 descripfit.
582 1784 690 1821 Itaque
709 1793 776 1814 non
795 1783 918 1814 urbium
932 1807 940 1821 ,
960 1784 1011 1815 sed

332 1819 479 1851 vicorum
491 1821 559 1852 sunt
574 1821 705 1852 nomina
720 1846 728 1859 ‚
748 1833 815 1862 quae
828 1822 923 1852 habet
939 1824 1010 1854 Pto—

331 1858 455 1890 lemaeus
475 1861 502 1890 II
517 1885 526 1897 ‚
549 1871 559 1889 1
570 1871 595 1890 r.
611 1862 773 1893 Germanis
792 1872 832 1892 ne
844 1861 930 1892 fuere
943 1863 1011 1901 qui-

332 1898 405 1942 dem
420 1899 536 1938 oppida
549 1919 558 1932 ,
575 1899 647 1931 licet
672 1901 762 1931 aliter
785 1901 935 1940 scripserit
953 1904 1009 1932 Ju—

333 1936 392 1968 hus
407 1939 515 1969 Caesar.
530 1939 610 1970 Vide
632 1940 816 1972 Cluverium
827 1964 837 1979 ,
857 1939 1010 1971 Germania

332 1976 473 2016 Antiq.1,
497 1989 543 2016 13.
558 1988 625 2018 pag.
644 1990 711 2018 104.

372 2021 387 2039 4
408 2018 521 2048 Spano
537 2021 750 2056 cmcumnAT]
767 2018 847 2048 Illud
862 2019 1009 2058 spatium,

333 2055 443 2085 domui
464 2056 711 2094 circumjeewni,
734 2059 768 2089 &
787 2058 906 2096 sepibus
926 2059 1009 2089 cinc-

331 2101 418 2131 tum,
438 2094 496 2126 fuit
515 2097 751 2127 celebratisfima
769 2096 823 2128 illa
837 2106 917 2128 terra
933 2098 1010 2128 Sali-

331 2143 387 2170 ca,
410 2145 475 2174 quae
495 2143 560 2166 erat
585 2135 706 2172 virilis,
737 2146 804 2166 non
828 2137 1008 2174 muliebris,

332 2172 418 2203 sexus
435 2173 599 2205 hereditas.
613 2175 671 2205 Sed
684 2175 740 2206 hac
762 2175 800 2206 de
821 2186 852 2206 re
872 2177 956 2215 plura
975 2177 1009 2206 in

330 2212 426 2243 Notis
450 2213 484 2243 &
506 2214 787 2245 Emendationibus
810 2216 849 2245 ad
867 2225 932 2254 cap.
949 2227 1007 2252 20,

330 2251 385 2281 ubi
411 2251 448 2282 de
472 2251 665 2284 succeffionis
687 2253 804 2293 legibus
829 2256 909 2293 apud
932 2256 1008 2285 Get-

329 2300 440 2321 manos
457 2301 474 2322 a
497 2300 572 2322 etur.
588 2293 672 2323 Vide
688 2293 722 2323 &
736 2294 784 2323 Cl.
809 2294 847 2324 de
868 2295 1005 2325 Montes-

332 2329 428 2368 quieu
440 2353 449 2367 ,
488 2331 559 2369 ffirz't
575 2330 622 2360 des
641 2331 698 2361 loix
710 2356 718 2369 ‚
741 2334 861 2370 XVIII,
878 2345 927 2364 22.

374 2374 383 2396 ⁵
407 2371 579 2403 Anvrnsus
601 2381 693 2403 casus
716 2382 798 2404 imus
819 2376 832 2408 ]
862 2373 900 2405 Et
930 2382 1005 2412 pace

709 1628 723 1663 ]
751 1626 876 1666 Diuque
902 1626 1012 1657 mansit

1053 1242 1084 1262 re
1097 1255 1106 1267 ‚
1126 1230 1199 1260 Bell.
1221 1230 1298 1261 Gall.
1322 1234 1370 1274 ν’,
1390 1243 1441 1269 4²-
1460 1234 1657 1265 Canadenses
1674 1244 1730 1274 po-

1053 1270 1136 1310 puli,
1158 1270 1322 1300 Germanis
1347 1271 1555 1308 incautiores,
1574 1274 1654 1304 casas
1679 1284 1729 1312 pa-

1053 1321 1120 1340 rurn
1142 1309 1298 1353 separant;
1323 1309 1460 1350 ideoque
1481 1311 1635 1343 incendiis
1653 1312 1730 1352 saepe

1054 1350 1199 1380 obnoxii.

1093 1405 1106 1423 ⁶
1128 1390 1279 1419 MArmuA
1300 1389 1315 1425 ]
1335 1389 1444 1429 Lignis
1459 1389 1648 1423 informibus
1663 1399 1730 1423 ute-

1052 1429 1177 1459 bantur.

1091 1474 1103 1494 7
1126 1470 1277 1500 lmmmr
1299 1479 1403 1500 TERRA
1426 1470 1440 1506 ]
1479 1470 1607 1500 Terram
1641 1469 1729 1500 illam

1052 1507 1122 1537 sane
1135 1518 1151 1538 e
1167 1508 1225 1538 suis
1237 1509 1398 1538 montibus
1411 1507 1616 1540 effodiebant.
1632 1509 1729 1541 Forte

1053 1547 1147 1577 etiam
1171 1558 1188 1578 e
1222 1547 1383 1578 Britannia
1417 1548 1577 1578 advenam
1608 1548 1730 1588 usurpa-

1052 1587 1137 1617 bant.
1157 1589 1250 1617 Anno
1272 1591 1351 1625 ¹647
1363 1610 1372 1623 ,
1392 1586 1424 1616 in
1439 1587 1537 1617 insula
1551 1587 1728 1625 walcherem,

1051 1625 1085 1654 in
1101 1625 1269 1662 Zelandizi,
1292 1635 1411 1665 reperta
1430 1626 1498 1656 sunt
1517 1627 1649 1666 plurima
1663 1637 1729 1658 mo-

1052 1674 1201 1696 numenta
1217 1666 1279 1696 deae
1294 1665 1499 1696 Nehalenniae
1520 1665 1628 1705 pofita.
1643 1667 1728 1697 Inter

1051 1704 1176 1735 votivas
1206 1705 1426 1744 inscriptiones
1450 1715 1511 1735 una
1540 1705 1658 1736 exstat:
1688 1715 1727 1736 0ss

1053 1754 1176 1774 MERcr-:S
1196 1755 1271 1774 RlTE
1292 1753 1515 1776 cousizRvATAs
1535 1755 1568 1774 M.
1590 1756 1728 1776 secvm).

1051 1794 1209 1815 suvauvs
1228 1794 1398 1815 necor-rou
1418 1787 1429 1820 (
1445 1783 1478 1813 id
1492 1783 1534 1814 est
1547 1784 1701 1823 negotiator
1714 1785 1728 1823 )

1052 1833 1231 1856 cnaranivs
1249 1834 1516 1855 BRITANNICIANVS
1537 1835 1570 1855 v.
1591 1834 1616 1854 s.
1639 1834 1667 1854 ι.
1690 1833 1727 1855 Μ.

1050 1862 1086 1892 Id
1109 1862 1148 1892 est
1165 1872 1255 1892 vorum
1265 1862 1349 1901 fhlvir
1369 1862 1464 1892 lubens
1483 1863 1588 1892 merito.

1091 1901 1102 1920 ⁸
1124 1903 1370 1933 SUBTERRANEOS
1386 1913 1492 1933 specus
1508 1902 1586 1939 ]Sic
1599 1909 1727 1942 quoque

1050 1940 1089 1970 de
1101 1942 1244 1972 Sarmatis
1268 1942 1350 1972 Mela
1366 1943 1412 1979 II,
1436 1953 1463 1972 1.
1481 1941 1523 1971 Ob
1537 1942 1617 1980 saeva
1632 1941 1727 1971 hiemis

1051 1978 1192 2010 admodum
1206 1980 1313 2021 affiduae
1324 2003 1333 2016 ‚
1354 1980 1479 2020 demersis
1491 1981 1519 2010 in
1535 1980 1725 2018 humumfi’di-

1050 2018 1099 2048 bus
1110 2044 1119 2058 ,
1130 2021 1230 2059 specus
1246 2030 1295 2050 aut
1310 2020 1421 2061 fitffluffiz
1437 2020 1575 2051 habitant.
1590 2019 1724 2051 Kirche-

1049 2070 1114 2096 rus,
1134 2068 1223 2091 oetate
1236 2060 1304 2097 sua,
1324 2064 1395 2091 cum
1409 2060 1574 2091 Germania
1588 2070 1642 2098 per
1652 2068 1726 2098 qua-

1049 2099 1190 2138 draginta
1203 2100 1267 2130 fere
1281 2109 1381 2131 annos
1396 2100 1486 2129 bellis
1498 2098 1723 2137 conflagravit,

1047 2138 1129 2169 vidit
1149 2140 1322 2170 Germanos
1339 2138 1603 2178 quamplurimos,
1625 2137 1678 2176 qui
1693 2137 1723 2168 se

1047 2188 1118 2207 cum
1145 2178 1330 2217 pecoribus,
1358 2177 1527 2213 armentis,
1553 2177 1724 2216 ceterisque

1047 2216 1245 2248 facultatibus
1270 2217 1304 2246 in
1325 2216 1538 2247 altissimorum
1563 2217 1722 2247 montium

1045 2264 1131 2286 antra
1156 2256 1340 2294 reciperent.
1360 2256 1407 2286 De
1432 2255 1477 2286 his
1495 2255 1625 2294 aliisque
1649 2256 1723 2286 sub-

1045 2295 1194 2325 terraneis
1206 2295 1355 2333 specubus
1367 2295 1463 2325 multa
1476 2295 1510 2326 &
1529 2295 1648 2325 curiosa
1665 2294 1722 2325 ha-

1044 2334 1099 2364 bet
1123 2333 1306 2371 Kircherus,
1333 2333 1459 2364 Mundus
1484 2333 1688 2366 Subterraneus
1708 2356 1722 2372 2

1045 2374 1138 2413 VIII,
1159 2384 1188 2412 3.
1206 2384 1274 2414 pag.
1294 2384 1365 2406 100.
