1952 2708
489 150 1196 195 CHRONOLOGICA.
1452 169 1541 207 437

501 245 637 283 ANNth
657 246 705 282 U.
722 246 764 284 C.
783 257 972 283 Dcccxxv.
1029 250 1059 283 J.
1078 251 1113 286 C.
1134 263 1196 296 72.

210 320 425 369 Vespafiano
441 319 604 370 Augusto
615 320 686 363 IV,
704 319 794 357 Tito
812 320 951 357 Caesare
966 321 1003 355 II
1016 322 1234 358 consulibus.
1254 323 1341 380 Duo
1356 328 1539 378 praecipua

160 371 338 408 bellorum
352 369 514 406 civilium
532 370 643 413 mala,
659 370 778 420 legum
795 370 961 414 oblivio,
982 373 1015 406 ὃς
1034 371 1200 408 adversus
1220 373 1446 414 dominantes
1477 393 1539 415 au,

159 419 272 456 dacia.
292 421 334 455 In
348 420 417 456 hac
434 420 574 468 imperii
589 433 678 472 pace
691 448 700 464 ,
716 420 856 469 utrique
871 420 1036 456 subvenit
1050 421 1291 469 Vespasianus.
1309 425 1401 462 Urbi
1415 427 1509 477 leges
1527 457 1539 473 ,

157 469 351 519 regnatrici
381 469 506 505 domui
532 470 752 506 munimenta
774 469 906 506 addita.
940 470 1027 515 Quo
1060 483 1343 518 prcecaverentur
1369 477 1539 514 militares

158 530 278 555 motus
291 548 300 563 ,
319 519 565 569 praetoriarum
581 520 788 556 cohortium
801 520 1043 568 praefefturam
1052 520 1157 555 Titus
1171 524 1311 571 accepit
1326 526 1332 540 ¹
1349 539 1538 576 :magnum

159 569 328 618 equestris
350 569 487 606 ordinis
505 580 773 612 ornamentum,
796 573 829 606 δε
853 569 993 618 paterni
1012 569 1152 617 imperii
1165 581 1410 611 tutamentum.
1425 577 1539 614 Coer-

159 619 232 655 cita
257 630 375 656 autem
395 620 605 656 feminarum
631 619 778 656 licentia
793 648 802 662 ‚
829 619 940 668 poena
969 619 1117 656 ancillas
1140 620 1240 664 fore,
1265 635 1343 671 quae
1367 625 1401 660 se
1416 627 1537 663 alieno

157 668 263 705 servo
290 672 477 718 jungerent
503 670 530 705 ².
560 669 726 717 Repreffa
745 682 891 719 quoque
906 669 1127 706 creditorum
1148 670 1302 715 saevitia3
1322 676 1355 708 ὃς
1372 674 1539 712 interdic-

158 728 234 754 tum
253 731 298 755 ne
322 719 480 754 fiHorum
497 719 648 754 familias
668 719 929 755 feneratoribus
951 720 1120 768 exigendi
1148 720 1274 756 crediti
1294 724 1347 770 jus
1369 736 1538 772 umquam

158 767 260 810 effer,
277 781 322 805 ne
341 768 422 817 post
442 779 582 816 patrum
600 769 745 817 quidem
761 779 914 805 mortem
934 769 960 804 ³.
977 769 1088 804 Simul
1102 770 1324 807 reficiebatur
1343 774 1539 820 pulcherri«

151 830 255 853 -mum
270 831 311 854 ac
328 818 591 855 vetustissimum
605 818 747 867 imperii
765 830 1050 856 monumentum.
1065 819 1206 869 Nempe
1220 821 1286 856 tria
1301 822 1413 859 millia
1427 837 1538 861 cerea-

157 879 236 903 rum
250 867 449 904 tabularum
467 897 475 912 ,
489 868 616 918 quibus
630 869 927 912 continebantur,
944 881 1046 917 paene
1060 869 1104 905 ab
1124 871 1277 907 exordio
1293 872 1419 916 Urbis,
1435 874 1537 910 sena-

158 917 381 954 tusconsulta
399 946 408 962 ,
430 918 618 967 plebiscita
637 919 680 955 de
700 919 871 955 societate
885 949 892 960 ,
909 918 1044 955 foedere
1066 948 1075 962 ,
1105 920 1300 970 privilegio
1322 923 1538 974 cuicumque

158 969 329 1004 conceffis
342 996 351 1011 ,
370 981 467 1017 quse,
483 968 629 1005 incenso
645 967 847 1016 Capitolio,
864 968 1175 1017 conflagraverant
1187 995 1195 1011 ,
1215 971 1374 1020 undique
1392 973 1536 1010 investi-

156 1018 248 1066 gatis
267 1018 546 1066 exemplaribus,
568 1018 722 1066 repofita
733 1019 761 1052 4.
780 1017 838 1053 Ad
862 1018 1115 1054 conciliandos
1137 1020 1266 1068 populi
1284 1022 1422 1058 animos
1435 1051 1444 1066 ,
1471 1024 1536 1060 da-

157 1077 233 1103 tum
248 1080 266 1102 a
284 1068 373 1103 Tito
390 1068 615 1118 congiarium
631 1070 655 1104 ⁵.
679 1069 770 1104 Haec
786 1068 1037 1117 popularitatis
1064 1068 1176 1104 studia
1202 1071 1427 1108 aversabatur
1446 1074 1536 1110 Hel-

156 1116 277 1152 vidius
293 1117 427 1153 Priscus
442 1117 455 1135 ⁶
470 1147 479 1161 ,
502 1118 669 1154 Thraseae
695 1130 805 1168 gener
824 1145 835 1161 ,
864 1121 897 1153 ὃς
923 1118 1109 1154 severioris
1129 1119 1375 1169 philosophice
1400 1123 1535 1170 placita

154 1166 311 1203 seuatiis.
337 1169 489 1217 Integrae
512 1168 685 1204 libertatis
715 1168 883 1216 cupitor,
899 1167 1110 1217 querebatur
1140 1169 1327 1217 publicum
1352 1172 1534 1210 servitium

157 1217 326 1252 civilibus
338 1218 539 1266 Vespasiani
554 1217 674 1253 studiis
697 1217 827 1254 certius
841 1248 848 1260 ,
877 1219 982 1267 quam
999 1219 1161 1265 priorum
1183 1219 1388 1269 Principum
1408 1223 1505 1259 vitiis
1522 1251 1533 1268 ‚

153 1266 290 1303 induci.
308 1267 397 1303 Inde
416 1268 578 1304 acerbior
592 1268 726 1317 quaevis
739 1268 960 1316 principatus
976 1270 1049 1303 asta
1070 1269 1239 1317 carpebat
1252 1298 1262 1313 ‚
1281 1271 1534 1310 sententiarum

153 1329 300 1366 quoque
314 1345 322 1360 ‚
345 1330 429 1366 quas
442 1318 610 1366 Princeps
624 1318 658 1352 in
672 1317 942 1354 senatuafferret
956 1345 964 1360 ‚
986 1317 1134 1353 assiduus
1148 1318 1377 1356 obtreetator.
1395 1323 1535 1371 Vespa-

152 1366 265 1402 fianus
282 1367 367 1403 tales
387 1367 685 1404 suicontumelias
702 1367 763 1403 diu
779 1367 863 1402 tulit
875 1395 883 1410 ‚
903 1366 1070 1402 Helvidii
1092 1368 1331 1417 integritatem
1348 1397 1356 1412 ‚
1375 1373 1535 1409 &Thra-

153 1415 240 1458 sece,
269 1418 326 1453 cui
349 1416 425 1465 ipse
444 1417 577 1453 amicus
594 1417 707 1454 fuerat
722 1445 731 1460 ‚
755 1416 923 1453 virtutem
942 1417 1124 1454 reveritus.
1148 1418 1204 1454 Ne
1222 1430 1339 1456 tamen
1362 1421 1534 1472 infringe-

151 1477 248 1501 retur
261 1467 467 1511 auftoritas,
484 1467 697 1503 Helvidium
712 1467 854 1504 monuit
866 1494 874 1509 ‚
889 1477 926 1502 ut
940 1466 999 1503 vel
1015 1468 1278 1505 contumaciam
1292 1483 1435 1507 exueret
1450 1500 1459 1514 ‚
1474 1474 1534 1509 vel

150 1515 265 1552 fileret
278 1518 304 1552 7.
325 1517 462 1553 Contra
475 1517 535 1552 ille
551 1517 588 1552 in
602 1517 675 1553 dies
689 1517 916 1565 pervicacior
932 1519 965 1552 δε
989 1517 1158 1554 infensior
1169 1546 1177 1561 ‚
1206 1519 1362 1567 primum
1378 1521 1500 1558 exfilio
1519 1550 1531 1567 ,

151 1565 236 1601 dein
251 1578 385 1609 morte,
414 1567 472 1604 vel
490 1567 608 1603 invito
622 1567 811 1615 Principe,
841 1567 1009 1603 multatus
1036 1567 1093 1603 est.
1114 1567 1352 1617 Philosophi,
1386 1582 1425 1607 ut
1447 1585 1534 1620 pro-

151 1616 251 1652 cacia
267 1617 410 1665 ingenia
423 1643 433 1658 ,
453 1616 554 1653 Urbe
569 1616 737 1653 submoti.
758 1616 946 1653 Musonius
966 1644 974 1659 ,
992 1616 1116 1653 favore
1131 1618 1315 1662 Muciani,
1338 1632 1532 1659 commune

150 1666 339 1702 discrimen
367 1666 464 1702 solus
485 1666 622 1716 effugit.
641 1666 844 1703 Demetrius
859 1670 891 1703 δε
907 1665 1083 1702 Hostilius
1100 1695 1110 1710 ,
1137 1669 1281 1713 majoris
1302 1670 1530 1717 petulantias,

148 1716 188 1751 in
202 1716 332 1752 insulas
346 1715 494 1765 relegati
510 1717 534 1752 S.
554 1717 701 1753 Interim
713 1715 859 1752 Petilius
873 1716 1024 1752 Cerialis
1039 1744 1048 1759 ‚
1075 1717 1242 1753 confeffto
1264 1718 1362 1754 bello
1381 1722 1531 1756 Germa-

149 1765 236 1802 nico
250 1794 261 1810 ‚
280 1766 317 1801 in
334 1766 553 1802 Britanniam
568 1767 679 1804 fuerat
695 1766 820 1802 mill'us.
834 1765 1024 1802 Decessore
1046 1765 1110 1802 suo
1126 1767 1251 1803 Vettio
1271 1769 1412 1804 Rolano
1442 1771 1529 1805 vali-

149 1815 233 1851 dior
247 1846 254 1857 ,
280 1827 451 1852 terrorem
468 1816 580 1853 statim
596 1817 717 1853 intulit
733 1845 742 1860 ,
766 1816 975 1865 Brigantum
992 1816 1174 1852 civitatem
1202 1817 1387 1866 adgressus.
1414 1820 1530 1856 Multa

149 1865 301 1913 proelia,
316 1869 349 1901 &
364 1866 559 1915 aliquando
580 1880 655 1903 non
669 1868 878 1903 incruenta:
898 1877 1063 1915 magnam
1082 1866 1291 1915 Brigantum
1306 1879 1443 1916 partem
1468 1881 1529 1908 aut

149 1914 302 1952 vistoria
321 1915 503 1965 amplexus
522 1917 588 1962 est,
614 1929 673 1953 aut
687 1916 785 1954 bello
799 1919 825 1953 ⁹.

486 1993 622 2028 ANNUS
637 1992 685 2028 U.
706 1993 749 2029 C.
770 2003 974 2029 Dcccxxvr.
1030 1994 1060 2030 J.
1077 1993 1114 2028 C.
1128 2004 1191 2041 73.

172 2065 200 2102 F
203 2066 227 2103 1.
239 2065 455 2103 Domitiano
467 2066 604 2103 Caesare
612 2067 868 2127 II,M.Valerio
882 2067 1071 2104 Messalino
1085 2067 1346 2110 consulibus,ut
1358 2067 1530 2105 cresceret

183 2148 192 2160 ²
216 2141 372 2173 Acctrxr]
393 2141 499 2169 Plinius
513 2161 519 2170 ,
539 2142 567 2168 in
578 2141 679 2174 praefar.
894 2147 905 2162 ⁶
922 2141 1268 2173 Hatvimuspmecus]
1286 2142 1529 2173 Jamlaudarussu-

182 2184 192 2196 ²
214 2177 417 2208 JUNGERENT]
440 2178 552 2203 Sueten.
577 2177 605 2203 in
626 2175 738 2209 Vespas.
764 2177 817 2204 XI.
858 2177 1123 2214 pr21Annal.xV1‚
1143 2180 1211 2204 28&
1224 2187 1264 2210 ῖς.
1285 2177 1349 2209 Ejus
1363 2188 1449 2206 mores
1462 2199 1468 2208 ,
1488 2179 1529 2206 of—

146 2211 223 2239 Vide
236 2213 291 2244 iam
303 2211 378 2239 dista
389 2211 464 2245 supra
478 2212 653 2238 Annal.XII
668 2232 674 2241 ,
692 2220 732 2246 53.
859 2212 938 2240 fenix
962 2213 1107 2247 gloriaeque
1128 2213 1239 2239 initium
1263 2212 1381 2240 vidimus
1407 2214 1435 2240 in
1456 2213 1528 2241 Hist,

184 2255 194 2276 3
216 2248 376 2278 MORTEM]
398 2246 510 2273 Sueten.
524 2246 591 2273 ibid.
603 2246 635 2273 Id
650 2247 705 2279 jam
720 2246 819 2273 statue-
860 2247 901 2274 IV
915 2267 921 2276 ,
943 2255 966 2280 5.

148 2289 189 2308 rat
207 2280 342 2309 Claudius
361 2302 369 2312 ‚
396 2290 424 2308 ut
445 2281 551 2310 dictum
568 2281 605 2309 cst
626 2281 729 2309 Annal.
748 2282 791 2308 XI
811 2302 818 2311 ,
860 2317 865 2322 ⁷
895 2289 904 2304 7
923 2282 987 2322 V.‘³¹⁴
1002 2291 1131 2310 ςηΕκΕΤ
1149 2286 1160 2314 ]
1179 2283 1223 2310 De
1245 2282 1286 2310 his
1301 2284 1375 2317 plura
1393 2283 1527 2310 Arrianus

151 2324 195 2372 ¹³3
214 2349 389 2383 Raposm]
415 2351 782 2392 sacr0n.3nvespas.y111.
859 2316 1314 2393 ¹¹¹inississ‘sslT'fibffotxvr,
1334 2361 1465 2392 pagffffr.

186 2391 194 2407 5
212 2384 420 2413 CONGIARIUM
434 2390 442 2417 ]
456 2388 661 2415 Memoraturin
671 2387 818 2415 Titinum—
894 2389 903 2405 ⁹
928 2387 995 2414 Αυτ
1015 2396 1108 2415 atrro
1125 2391 1134 2418 ]
1155 2388 1247 2414 Tacit.
1270 2388 1331 2416 Vir.
1352 2389 1444 2422 Agim.
1467 2395 1527 2418 cap,

146 2420 209 2448 mis.
223 2419 299 2448 Vide
310 2419 382 2455 supra
391 2430 451 2456 pag.
468 2431 526 2457 237.
862 2432 902 2453 17.
916 2425 942 2451 ὃς
955 2422 1026 2451 Hist.
1045 2422 1087 2451 IV
1098 2443 1104 2452 ‚
1119 2425 1149 2450 68
1165 2427 1191 2451 &
1205 2422 1275 2457 seqq,
