1952 2708
615 158 1185 202 GERMANIA.
1536 164 1590 201 61

207 247 296 305 'ipsis
319 245 360 286 in
383 240 497 284 nullo
519 240 617 288 usu3
644 240 742 280 rude
764 238 911 293 legitur
927 266 940 288 ,
967 237 1141 278 informe
1162 239 1356 294 perfertur
1371 271 1384 294 ,
1410 243 1599 300 'pretium-

207 325 283 365 que
318 309 505 348 mirantes
531 305 748 360 accipiunt.
769 304 948 343 Succum
975 314 1111 342 tamen
1137 300 1323 342 arborum
1347 311 1357 326 ¹
1385 307 1460 348 esse
1482 307 1602 350 intel-

208 373 332 429 ligas,
353 372 443 425 quia
457 383 613 410 terrena
633 367 810 422 quaedam
829 378 947 420 atque
962 366 1082 405 etiarn
1108 363 1290 405 volucria
1313 367 1499 410 animalia
1520 371 1602 427 ple-

207 449 375 489 rumque
408 431 653 474 interlucent
693 436 707 452 ²
729 460 742 481 ,
784 445 866 484 quae
889 427 1096 486 implicata
1125 429 1318 479 humore,
1346 444 1442 470 mox
1466 432 1601 474 dures-

159 514 182 553 5
211 513 328 541 cente
352 495 543 547 materni,
572 495 802 536 cluduntur.
832 492 1088 535 Fecundiora
1109 493 1233 547 igitur
1266 506 1431 534 nemora
1467 493 1601 538 lucos.

210 578 286 617 que
302 593 315 614 ,
343 562 441 603 sicut
465 560 643 601 Orientis
671 558 834 599 secretis
858 562 868 585 ³
889 586 902 608 ,
929 555 997 596 ubi
1030 557 1148 596 thura
1181 552 1435 609 balsamaque
1458 557 1601 601 sudan-

208 639 300 677 tur,
330 627 384 666 ita
417 623 657 665 Occidentis
683 620 821 662 insulis
852 620 1043 673 terrisque
1074 619 1194 660 inesse
1219 619 1487 671 crediderim,
1518 638 1602 676 quae

210 690 337 731 vicini
357 686 463 729 Solis
486 686 605 728 radiis
631 685 804 742 expressa
833 697 949 738 atque
970 682 1164 737 liquentia
1187 684 1229 722 in
1248 684 1476 739 proximum
1494 700 1602 728 mare

211 752 425 801 labuntur,
454 767 500 792 ac
524 752 563 791 vi
586 750 862 805 tempestatum
886 749 927 787 in
951 747 1112 788 adversa
1136 746 1256 787 litora
1282 751 1299 775 4
1327 747 1544 788 exundant.
1561 751 1605 789 Si

134 836 187 865 10
213 830 393 858 naturam
422 815 575 855 succini
600 813 766 854 admoto
792 814 886 867 igne
915 824 1071 861 tentes,
1093 811 1134 850 in
1157 809 1323 850 modum
1342 810 1440 850 tedae
1465 827 1606 853 accen-

213 881 346 930 ditur,
374 877 521 932 alitque
561 878 762 918 flammam
801 877 992 932 pinguem
1022 878 1062 914 &
1092 872 1272 915 olentem
1300 879 1337 913 5:
1366 889 1463 915 mox
1487 890 1531 915 ut
1565 877 1606 917 in

212 945 345 1001 picem
370 942 586 982 resinamve
607 940 806 981 lentescit.
827 937 1046 979 Suionibus
1066 939 1253 978 Sitonum
1276 950 1417 992 gentes
1440 937 1457 959 ⁶
1478 940 1606 979 conti-

213 1020 397 1048 nuantur.
437 1005 582 1046 Cetera
610 1003 780 1053 ssmiles,
806 1018 887 1044 uno
916 1002 1131 1052 differunt,
1162 1001 1271 1055 quod
1299 1001 1447 1042 femina
1474 1001 1604 1042 domi-

213 1084 352 1111 natur:
377 1071 418 1109 in
438 1082 595 1110 tanturn
619 1083 701 1108 non
723 1067 846 1107 modo
870 1082 891 1106 a
912 1064 1118 1116 libertate,
1140 1065 1208 1105 sed
1230 1065 1349 1106 etiam
1372 1080 1393 1105 a
1414 1064 1606 1107 servitute

135 1155 184 1195 ¹5
216 1134 474 1189 degenerant.
499 1133 582 1173 Hic
603 1132 756 1171 Sueviae
782 1131 883 1170 finis.

276 1196 449 1238 XLVI.
484 1196 825 1235 PEUcmoRUM
844 1223 854 1242 ‚
883 1192 1225 1245 Venedorumque
1249 1221 1262 1242 ‚
1302 1195 1341 1232 ὃς
1370 1194 1603 1235 Fennorum

212 1261 396 1301 nationes
424 1259 635 1298 Germanis
674 1271 722 1297 an
749 1256 937 1296 Sarmatis
969 1259 981 1280 ⁷
1022 1254 1241 1294 adscribam
1268 1255 1434 1296 dubito:
1465 1271 1606 1309 quam·-

212 1337 333 1379 quam
353 1321 521 1363 Peucini
550 1317 590 1372 ⁸,
622 1334 721 1374 quos
746 1319 905 1374 quidam
937 1318 1141 1358 Bastarnas
1175 1332 1352 1369 vocant,
1383 1318 1567 1362 sermone
1591 1349 1607 1373 9

253 1476 262 1490 ¹
286 1472 414 1502 Succum
444 1481 550 1501 TAMEN
584 1479 738 1500 sturionum
773 1470 787 1506 ]
826 1468 889 1498 Alii

212 1510 315 1548 postea
334 1511 492 1541 succinum
520 1510 601 1540 inter
627 1509 819 1539 bituminum
843 1508 887 1538 sa-

213 1549 353 1589 liumque
364 1550 475 1589 species
485 1559 729 1580 annumeravere
738 1559 746 1586 3
756 1558 890 1587 quorum

214 1589 372 1619 sententiae
403 1589 508 1620 favere
537 1588 703 1618 videbatur
733 1587 890 1618 succinum

213 1628 311 1659 fossile
321 1652 330 1664 ‚
341 1629 373 1658 in
385 1629 462 1668 agris
475 1628 608 1659 Prussicis
623 1627 725 1666 passim
740 1627 889 1657 obvium:

929 1466 975 1496 De
994 1467 1102 1497 Judaeae
1122 1465 1259 1497 balsamo
1276 1465 1411 1497 diximus
1435 1465 1503 1497 satis
1521 1465 1609 1505 supra}

930 1506 1003 1536 H'ist.
1021 1509 1066 1543 v,
1088 1511 1116 1537 6.
1322 1521 1330 1525 -

970 1550 984 1568 4
1005 1547 1037 1576 lu
1062 1557 1210 1578 ADVERSA
1233 1557 1347 1577 LiToRA
1370 1547 1382 1583 ]
1413 1546 1436 1575 E
1462 1545 1609 1584 proximo

930 1584 1081 1615 Suionum
1098 1585 1172 1615 mari
1190 1585 1222 1614 in
1246 1585 1373 1615 adversa
1387 1585 1552 1615 AEstiorum
1567 1584 1609 1614 li·-

931 1633 999 1655 tora
1024 1625 1055 1654 vi
1073 1625 1287 1664 tempestatum
1311 1624 1468 1655 succinum
1485 1624 1611 1663 propel-⁴

214 1677 369 1706 repertum
388 1679 514 1708 quoque
526 1679 557 1697 in
575 1666 711 1697 saxonia
726 1677 822 1705 prope
838 1677 891 1705 op-

214 1707 322 1746 pidum
336 1707 530 1747 Sclznzideberg
542 1730 550 1743 ,
579 1706 707 1746 aliisque
723 1706 755 1735 in
780 1706 858 1736 locis
875 1717 892 1737 a

214 1747 292 1776 mari
308 1747 422 1777 diffitis.
439 1749 515 1777 Sunt
537 1755 640 1777 tamen
655 1745 755 1776 adhuc
771 1746 805 1776 &
822 1746 891 1785 plu-

215 1785 306 1822 rimi,
328 1786 381 1825 qui
396 1787 554 1817 succinum
570 1786 627 1816 esse
653 1785 775 1816 succum
796 1786 891 1816 arbo-

216 1835 285 1855 rum
302 1825 462 1863 pinearum
479 1837 513 1856 ac
524 1826 734 1894 {populearum
757 1826 892 1863 volunt3

217 1865 278 1903 quei
291 1865 328 1895 de
348 1876 378 1895 re
392 1866 518 1904 ingenio
535 1876 565 1895 as
579 1875 612 1895 ac
625 1864 802 1903 probabiles
814 1875 892 1895 con-

219 1904 344 1942 jee‘turas
363 1915 460 1944 nuper
477 1905 575 1936 edidit
591 1905 640 1934 Cl.
658 1905 805 1943 Formey.

259 1946 269 1959 ²
292 1944 510 1976 Iurssnwcrnr
532 1946 544 1982 ]
562 1946 712 1980 Araneas,
730 1943 892 1980 formicas,

218 1992 288 2021 apes
299 2006 307 2019 ,
317 1982 437 2022 aliaque
449 1984 479 2013 id
492 1994 588 2024 genus
598 2007 606 2020 ‚
627 1983 752 2014 succino
772 1983 871 2014 clausa
885 2007 893 2019 ‚

218 2030 251 2052 ut
279 2024 358 2052 reate
381 2023 516 2061 explicat
542 2022 691 2059 Tacitus,
714 2023 789 2061 saepe
815 2022 895 2052 vidi-

218 2071 297 2091 mus.
314 2063 353 2091 At
373 2061 630 2093 circumferuntur
654 2072 780 2101 quoque
798 2062 895 2092 lacer-

219 2100 243 2131 ti
266 2123 274 2136 ,
304 2100 426 2139 aliaque
454 2101 572 2138 majora
596 2100 742 2131 animalia
772 2101 895 2131 succino

219 2139 392 2177 implicita,
412 2150 477 2170 non
495 2147 609 2170 naturae
632 2139 695 2169 lusu
708 2161 716 2174 ‚
735 2140 785 2170 sed
802 2139 898 2170 circu—

219 2179 355 2209 latorum
368 2179 526 2210 fraudibus
536 2201 545 2215 ,
564 2179 617 2217 qui
631 2178 675 2207 his
692 2179 831 2209 monstris
848 2190 898 2218 pe-

218 2217 365 2249 cuniosos
389 2219 423 2249 ὅ(
446 2218 569 2258 ignaros
598 2217 742 2248 homines
768 2227 896 2258 argento

219 2266 404 2296 emungunt.

261 2302 271 2322 ³
295 2299 450 2327 Omen-ris
473 2307 614 2328 secan-ris
636 2298 650 2334 ]
670 2299 754 2328 Bene
775 2307 898 2328 accura—

222 2335 314 2373 te‘que
328 2336 443 2366 dictum
456 2360 464 2371 ‚
485 2337 559 2375 quia
582 2336 662 2367 inter
676 2336 790 2367 secreta
804 2337 899 2367 habe—

223 2375 335 2404 bantur
347 2376 594 2415 colebanturque
608 2376 695 2406 thura
707 2386 741 2406 ac
754 2376 896 2406 balsama.

223 2412 271 2447 De
284 2413 372 2446 thure
383 2415 503 2448 Arabiae
517 2416 590 2448 vide
601 2415 752 2454 Plinium,
763 2417 838 2455 XII,
853 2427 898 2455 ¹4-

932 1665 1062 1695 lebatur.

972 1709 980 1730 5
1006 1707 1160 1734 OLENTEM
1183 1705 1195 1742 ]
1218 1703 1383 1734 Succinum
1401 1703 1509 1735 attritu
1527 1703 1610 1734 odo-

932 1743 1025 1782 rdque
1041 1743 1166 1774 flammei
1182 1743 1290 1782 pinum
1307 1744 1437 1774 redolet.

971 1786 983 1802 ⁶
1005 1786 1150 1815 Sirmium
1175 1793 1288 1814 serires
1311 1785 1324 1821 ]
1352 1785 1445 1814 Nunc
1477 1783 1505 1811 la
1533 1781 1612 1811 Nor-a

932 1832 1022 1861 wege.

973 1869 985 1888 7
1007 1864 1176 1893 GERMAMS
1200 1874 1239 1892 ΑΝ
1260 1863 1420 1893 ΒΑΚΜΑτιε
1443 1866 1452 1896 ]
1477 1862 1611 1892 Germa-

934 1901 984 1932 nia
1001 1902 1129 1942 quidem
1142 1901 1257 1933 Vistula
1268 1925 1276 1937 ,
1295 1902 1322 1930 [a
1337 1901 1456 1940 Vistule,
1477 1900 1612 1931 finiebat-⁴

934 1951 1002 1980 tur3
1022 1944 1056 1972 ὃ(
1081 1943 1159 1972 ultra
1187 1941 1333 1972 vistulam
1359 1949 1424 1971 erat
1451 1940 1612 1970 Sarmatia.

934 1980 1061 2012 Peucini
1082 1990 1205 2015 tamen,
1234 1980 1418 2019 Venedique
1447 1981 1481 2010 ὅ(
1510 1979 1611 2009 Fenni

935 2021 1127 2052 Germanicae
1157 2019 1286 2058 originis
1317 2019 1374 2049 else
1402 2019 1591 2049 videbantur
1603 2042 1613 2055 ‚

936 2061 1040 2099 quod,
1064 2060 1136 2090 licet
1159 2059 1193 2088 in
1208 2058 1356 2088 Sarmatia
1378 2058 1489 2097 politi,
1508 2068 1524 2089 a
1546 2060 1615 2089 Sar-

936 2107 1086 2129 matarum
1101 2099 1240 2129 moribus
1261 2099 1468 2128 deflecterent.

977 2138 988 2157 ²³
1010 2140 1137 2168 Ptucmi
1161 2143 1170 2171 j
1202 2137 1352 2168 Peucinos
1373 2147 1500 2176 quoque
1533 2138 1615 2168 Ger--

936 2178 1045 2208 maniae
1060 2177 1205 2208 adscribit
1219 2177 1334 2207 Plinius
1344 2201 1352 2213 ‚
1366 2178 1405 2207 lv
1416 2200 1424 2211 ‚
1439 2187 1475 2214 14
1485 2200 1493 2213 ,
1504 2176 1615 2215 Quinrrz

937 2217 1112 2248 Germaniae
1130 2227 1197 2253 pars
1213 2216 1346 2251 Peucini,
1359 2215 1497 2254 Basternoe
1508 2240 1516 2251 ‚
1528 2216 1616 2254 fisprti

937 2256 1015 2286 dinis
1032 2256 1193 2285 contermini
1213 2255 1318 2284 Dacis.
1340 2256 1387 2284 Ad
1404 2255 1485 2290 lstri,
1504 2255 1528 2283 le
1544 2254 1616 2282 Dr·-

938 2296 1007 2325 nahe
1019 2320 1028 2331 ‚
1044 2296 1136 2331 ostia,
1157 2296 1190 2326 ὃς
1208 2295 1241 2325 in
1260 2295 1327 2334 ipfis
1343 2294 1437 2324 etiam
1450 2294 1511 2324 Iflri
1532 2293 1616 2323 ostiis

940 2335 1069 2366 insulam
1085 2337 1204 2365 Peucen
1215 2358 1224 2371 ‚
1244 2345 1326 2365 nunc
1341 2334 1455 2372 Ρὶιῖίιτα
1468 2357 1476 2370 ,
1498 2332 1616 2362 habita-

939 2376 1014 2406 bant
1029 2375 1176 2409 Peucini,
1196 2384 1262 2413 pars
1278 2373 1500 2406 Bastarnarum,
1519 2381 1551 2403 ut
1567 2381 1617 2411 pap

940 2423 985 2448 tet
1001 2425 1039 2447 ex
1057 2416 1232 2453 Strabone,
1253 2415 1309 2447 Vll
1322 2437 1331 2453 ‚
1352 2423 1417 2452 pag.
1440 2415 1513 2450 306>
