1952 2708
373 178 385 203 1
405 179 415 202 1
431 169 455 202 6
850 175 859 185 “·

359 236 610 305 conspirant
632 231 829 305 Maffa'zla
865 273 880 293 ,
918 234 1177 295 Secundus,
1231 233 1272 283 ὃ)
1308 234 1562 284 [Maternus.
1614 235 1746 302 Aper

358 325 565 391 antiquos
587 321 824 390 itfiffatur
840 358 853 380 ,
898 320 939 368 ἐπ”
957 321 1124 385 saeculi
1125 320 1208 387 siti
1218 340 1366 387 partes
1399 340 1558 371 tuetur.
1586 325 1739 371 XVII.

357 409 579 458 Incertum
632 407 747 456 enim
783 403 860 479 effe
894 405 935 454 ὅ)
975 406 1200 472 obfi·urum
1234 408 1517 474 antiquorum
1568 428 1738 458 nomen.

357 499 533 546 XVIII.
577 495 735 542 Plures
785 512 954 560 quoque
986 492 1241 558 eloquentiae
1266 493 1456 561 species.
1503 495 1743 562 Maligni-

358 602 444 631 tate
467 583 662 630 lzumanai
690 618 704 640 ,
752 598 896 629 vetera
930 579 978 626 in
1012 579 1144 628 laude
1165 617 1179 638 ,
1211 579 1445 646 praesencia
1482 579 1530 627 in
1546 580 1743 647 fastidio

358 666 450 740 effe.
486 672 613 717 XIX.
640 665 829 733 Caffiunz
844 666 1055 714 Severum
1074 705 1087 724 ‚
1129 684 1257 732 quenz
1286 666 1571 733 antiquitatis
1597 667 1742 716 termi-

358 775 462 803 num
498 753 768 823 constituunt
796 790 810 813 ,
848 772 937 802 non
976 750 1158 816 inscitid
1175 789 1190 809 ,
1209 751 1301 818 βτί
1321 752 1499 819 judicio
1533 752 1574 802 ἃ
1610 754 1743 802 intel-

355 841 467 890 lec‘lu
505 842 567 889 ad
602 860 768 889 novum
818 839 994 888 dicendi
1029 857 1167 906 genus
1199 837 1257 902 se
1313 839 1517 907 transtuli
1553 836 1590 890 ἑ.
1633 844 1742 890 ΧΧ.

355 928 515 978 Multa
559 928 716 976 veteris
751 926 1007 994 eloquentiae
1043 925 1174 974 vitia.
1216 926 1454 975 Recentem
1489 926 1572 997 effe
1606 928 1748 977 laetio-

356 1036 445 1065 rem
484 1014 524 1064 ὃ)
555 1014 869 1082 pulchriorem.
907 1017 1035 1063 XXI.
1069 1013 1153 1060 Dc
1176 1013 1313 1062 Calvo
1331 1053 1345 1073 ,
1376 1013 1517 1062 Coelio
1527 1051 1541 1072 ‚
1574 1016 1621 1064 C.
1651 1014 1746 1064 Cae-

340 1101 451 1165 stzre
471 1139 484 1160 ,
531 1102 682 1149 Bruto
721 1138 735 1159 ‚
778 1120 925 1148 eorum
970 1099 1275 1167 CiceronistJue
1321 1100 1590 1150 carminibus
1619 1139 1633 1161 ,
1691 1104 1744 1151 de

355 1187 514 1255 Afinio
548 1186 589 1236 ἐξ
625 1187 816 1235 Corvino
837 1185 1032 1255 judicia.
1069 1189 1219 1235 XXII.
1259 1187 1480 1236 Ciceronis
1516 1188 1668 1237 laudes
1702 1187 1746 1237 ὃ*

355 1276 486 1324 vitia.
539 1277 708 1322 XXIII.
757 1273 986 1322 Summam
1036 1274 1294 1341 eloquentiae
1317 1292 1453 1323 artem
1475 1272 1587 1343 effi,
1629 1274 1750 1323 anti-

358 1380 542 1429 quorum
580 1360 759 1428 egregia
787 1380 965 1428 quaeque
999 1359 1172 1408 imitari
1204 1397 1219 1420 ,
1263 1359 1303 1409 ὃ
1334 1380 1361 1408 a
1398 1361 1639 1410 recentibus
1663 1361 1747 1426 fe-

358 1448 507 1496 liciter
539 1465 706 1514 reperta
749 1447 938 1509 mistere.
991 1449 1168 1496 XXIV.
1215 1447 1453 1496 Maternus
1500 1447 1746 1519 Meffalam

357 1533 559 1583 bortatur
578 1552 666 1582 non
689 1534 752 1581 ad
776 1532 1073 1581 laudationem
1107 1533 1389 1602 antiquorum
1410 1573 1425 1595 ,
1477 1555 1584 1603 quos
1603 1536 1745 1603 fama

339 1617 435 1684 fita
467 1619 588 1684 satis
631 1619 786 1667 laudat
813 1657 830 1676 ,
873 1618 971 1687 fi’a'
988 1637 1036 1667 ut
1070 1619 1249 1687 causam,
1284 1641 1362 1671 cur
1394 1623 1442 1670 in
1477 1641 1649 1672 tantum
1689 1623 1744 1671 ab

355 1725 503 1754 eorum
524 1707 776 1773 eloquentia?
783 1708 970 1774 praesens
992 1726 1093 1756 aetas
1112 1707 1324 1780 recefferit
1339 1747 1354 1770 ,
1377 1710 1565 1778 aperiat.
1583 1711 1743 1758 XXV.

355 1789 556 1864 sslffla
583 1795 801 1861 quaedam
849 1811 993 1842 tamen
1035 1796 1087 1843 a'e
1131 1796 1414 1864 antiquorum
1451 1796 1623 1845 nomine
1646 1833 1660 1855 ‚
1699 1794 1743 1844 ἃ

347 1878 530 1945 judicia
583 1882 635 1929 a'e
680 1881 818 1929 Calvo
839 1918 852 1940 ‚
889 1880 1049 1948 Afinio
1069 1920 1083 1940 ,
1118 1882 1309 1951 Caestzre,
1339 1882 1478 1932 Coelio
1499 1921 1513 1943 ,
1556 1883 1704 1931 Bruto
1721 1919 1740 1940 ,

358 1964 598 2023 Cicerone,
641 1967 854 2016 retractat.
894 1972 1075 2019 XXVI.
1117 1970 1164 2019 C.
1205 1969 1489 2029 Gracchum,
1534 1968 1589 2018 L.
1617 1967 1743 2034 Cras-'
1789 1998 1792 2002 -

337 2051 447 2114 ftnz
481 2054 646 2103 lauat'at.
680 2055 972 2105 Maecenatem
1000 2057 1098 2105 vero
1119 2093 1132 2114 ‚
1176 2055 1432 2105 Gallionem
1469 2055 1511 2105 ἐξ)
1551 2054 1743 2122 Caffium

355 2136 570 2187 Severum
609 2143 898 2209 reprehendit.
943 2147 1142 2194 XXVII.
1184 2141 1427 2214 lWeffalam
1451 2142 1630 2211 longius
1660 2162 1744 2190 va-

353 2242 532 2293 gantem
571 2228 632 2274 nal
654 2229 928 2296 propositum
981 2230 1167 2280 retralzit
1207 2230 1460 2279 Maternus.
1514 2230 1737 2278 XXVIII.

358 2311 522 2377 Causas
561 2332 661 2381 ergo
697 2334 774 2363 cur
814 2317 1062 2384 eloquentia
1108 2335 1339 2385 ceteraeque
1385 2335 1497 2366 artes
1535 2337 1563 2365 a
1598 2333 1742 2364 vetere
