<?xml version="1.0" encoding="UTF-8"?>
<!DOCTYPE html PUBLIC "-//W3C//DTD XHTML 1.0 Transitional//EN"
    "http://www.w3.org/TR/xhtml1/DTD/xhtml1-transitional.dtd">
<html xmlns="http://www.w3.org/1999/xhtml" xml:lang="en" lang="en">
 <head>
  <title>
</title>
<meta http-equiv="Content-Type" content="text/html;charset=utf-8" />
  <meta name='ocr-system' content='tesseract 3.04.00' />
  <meta name='ocr-capabilities' content='ocr_page ocr_carea ocr_par ocr_line ocrx_word'/>
</head>
<body>
  <div class='ocr_page' id='page_1' title='image "./operabro04taciuoft_0043.png"; bbox 0 0 1952 2708; ppageno 0'>
   <div class='ocr_carea' id='block_1_1' title="bbox 622 148 1596 210">
    <p class='ocr_par' dir='ltr' id='par_1_1' title="bbox 622 148 1596 210">
     <span class='ocr_line' id='line_1_1' title="bbox 622 148 1596 210; baseline 0.008 -17"><span class='ocrx_word' id='word_1_1' title='bbox 622 148 1210 197; x_wconf 87' lang='lat' dir='ltr'>GERMANIA.</span> <span class='ocrx_word' id='word_1_2' title='bbox 1542 173 1596 210; x_wconf 82' lang='lat'>31</span> 
     </span>
    </p>
   </div>
   <div class='ocr_carea' id='block_1_2' title="bbox 210 230 1606 740">
    <p class='ocr_par' dir='ltr' id='par_1_2' title="bbox 213 230 1606 418">
     <span class='ocr_line' id='line_1_2' title="bbox 213 230 1606 296; baseline 0.003 -17"><span class='ocrx_word' id='word_1_3' title='bbox 213 249 361 286; x_wconf 80' lang='lat' dir='ltr'>ament.</span> <span class='ocrx_word' id='word_1_4' title='bbox 379 235 607 277; x_wconf 83' lang='lat' dir='ltr'><strong>Numerum</strong></span> <span class='ocrx_word' id='word_1_5' title='bbox 628 230 850 272; x_wconf 86' lang='lat' dir='ltr'>liberorum</span> <span class='ocrx_word' id='word_1_6' title='bbox 871 231 984 273; x_wconf 87' lang='lat' dir='ltr'>finire</span> <span class='ocrx_word' id='word_1_7' title='bbox 1007 238 1018 254; x_wconf 90' lang='lat'>¹</span> <span class='ocrx_word' id='word_1_8' title='bbox 1035 261 1048 282; x_wconf 85' lang='lat'><strong><em>,</em></strong></span> <span class='ocrx_word' id='word_1_9' title='bbox 1073 246 1141 274; x_wconf 88' lang='lat' dir='ltr'>aut</span> <span class='ocrx_word' id='word_1_10' title='bbox 1159 249 1398 290; x_wconf 83' lang='lat' dir='ltr'>quemquam</span> <span class='ocrx_word' id='word_1_11' title='bbox 1416 253 1466 280; x_wconf 84' lang='lat' dir='ltr'>ex</span> <span class='ocrx_word' id='word_1_12' title='bbox 1488 255 1606 296; x_wconf 87' lang='lat' dir='ltr'>agna-</span> 
     </span>
     <span class='ocr_line' id='line_1_3' title="bbox 213 292 1605 352; baseline 0.002 -8"><span class='ocrx_word' id='word_1_13' title='bbox 213 305 264 345; x_wconf 84' lang='lat' dir='ltr'>tis</span> <span class='ocrx_word' id='word_1_14' title='bbox 285 305 300 323; x_wconf 80' lang='lat'>²</span> <span class='ocrx_word' id='word_1_15' title='bbox 326 313 470 341; x_wconf 84' lang='lat' dir='ltr'>necare</span> <span class='ocrx_word' id='word_1_16' title='bbox 486 327 499 349; x_wconf 88' lang='lat'>‚</span> <span class='ocrx_word' id='word_1_17' title='bbox 527 297 726 352; x_wconf 83' lang='lat' dir='ltr'>flagitium</span> <span class='ocrx_word' id='word_1_18' title='bbox 751 294 942 336; x_wconf 83' lang='lat' dir='ltr'>habetur:</span> <span class='ocrx_word' id='word_1_19' title='bbox 974 292 1142 352; x_wconf 87' lang='lat' dir='ltr'>plusque</span> <span class='ocrx_word' id='word_1_20' title='bbox 1167 296 1223 336; x_wconf 91' lang='lat' dir='ltr'>ibi</span> <span class='ocrx_word' id='word_1_21' title='bbox 1256 298 1354 340; x_wconf 87' lang='lat' dir='ltr'>boni</span> <span class='ocrx_word' id='word_1_22' title='bbox 1379 317 1510 345; x_wconf 86' lang='lat' dir='ltr'>mores</span> <span class='ocrx_word' id='word_1_23' title='bbox 1536 321 1605 347; x_wconf 85' lang='lat' dir='ltr'>va-</span> 
     </span>
     <span class='ocr_line' id='line_1_4' title="bbox 214 358 910 418; baseline -0.011 -10"><span class='ocrx_word' id='word_1_24' title='bbox 214 365 301 408; x_wconf 84' lang='lat' dir='ltr'>lent</span> <span class='ocrx_word' id='word_1_25' title='bbox 327 369 338 393; x_wconf 82' lang='lat'><em>³</em></span> <span class='ocrx_word' id='word_1_26' title='bbox 357 393 371 415; x_wconf 83' lang='lat'><strong><em>,</em></strong></span> <span class='ocrx_word' id='word_1_27' title='bbox 399 361 519 418; x_wconf 72' lang='lat' dir='ltr'>quam</span> <span class='ocrx_word' id='word_1_28' title='bbox 539 360 634 402; x_wconf 85' lang='lat' dir='ltr'>alibi</span> <span class='ocrx_word' id='word_1_29' title='bbox 654 359 768 402; x_wconf 81' lang='lat' dir='ltr'>bonae</span> <span class='ocrx_word' id='word_1_30' title='bbox 787 358 910 414; x_wconf 87' lang='lat' dir='ltr'>leges.</span> 
     </span>
    </p>

    <p class='ocr_par' dir='ltr' id='par_1_3' title="bbox 210 423 1605 740">
     <span class='ocr_line' id='line_1_5' title="bbox 275 423 1605 479; baseline 0.002 -14"><span class='ocrx_word' id='word_1_31' title='bbox 275 428 379 469; x_wconf 91' lang='lat' dir='ltr'>XX.</span> <span class='ocrx_word' id='word_1_32' title='bbox 413 427 469 467; x_wconf 85' lang='grc' dir='ltr'>ΙΝ</span> <span class='ocrx_word' id='word_1_33' title='bbox 496 426 608 468; x_wconf 90' lang='lat' dir='ltr'>omni</span> <span class='ocrx_word' id='word_1_34' title='bbox 632 424 756 466; x_wconf 89' lang='lat' dir='ltr'>domo</span> <span class='ocrx_word' id='word_1_35' title='bbox 789 423 886 464; x_wconf 86' lang='lat' dir='ltr'>nudi</span> <span class='ocrx_word' id='word_1_36' title='bbox 909 438 956 464; x_wconf 85' lang='lat' dir='ltr'>ac</span> <span class='ocrx_word' id='word_1_37' title='bbox 983 423 1133 464; x_wconf 84' lang='lat' dir='ltr'>sordidi</span> <span class='ocrx_word' id='word_1_38' title='bbox 1156 428 1201 474; x_wconf 80' lang='lat'>4,</span> <span class='ocrx_word' id='word_1_39' title='bbox 1230 424 1271 464; x_wconf 89' lang='lat' dir='ltr'>in</span> <span class='ocrx_word' id='word_1_40' title='bbox 1299 425 1373 465; x_wconf 88' lang='lat' dir='ltr'>hos</span> <span class='ocrx_word' id='word_1_41' title='bbox 1400 440 1504 468; x_wconf 84' lang='lat' dir='ltr'>artus</span> <span class='ocrx_word' id='word_1_42' title='bbox 1521 458 1533 479; x_wconf 84' lang='lat'><strong><em>,</em></strong></span> <span class='ocrx_word' id='word_1_43' title='bbox 1562 432 1605 474; x_wconf 78' lang='lat' dir='ltr'>in</span> 
     </span>
     <span class='ocr_line' id='line_1_6' title="bbox 211 487 1604 547; baseline 0.001 -14"><span class='ocrx_word' id='word_1_44' title='bbox 211 493 297 533; x_wconf 78' lang='lat' dir='ltr'>haec</span> <span class='ocrx_word' id='word_1_45' title='bbox 319 505 515 547; x_wconf 83' lang='lat' dir='ltr'>corpora,</span> <span class='ocrx_word' id='word_1_46' title='bbox 540 504 623 545; x_wconf 88' lang='lat' dir='ltr'>quae</span> <span class='ocrx_word' id='word_1_47' title='bbox 643 489 858 539; x_wconf 81' lang='lat' dir='ltr'>miramur,</span> <span class='ocrx_word' id='word_1_48' title='bbox 881 487 1132 528; x_wconf 83' lang='lat' dir='ltr'>excrescunt.</span> <span class='ocrx_word' id='word_1_49' title='bbox 1157 489 1237 528; x_wconf 87' lang='lat' dir='ltr'>Sua</span> <span class='ocrx_word' id='word_1_50' title='bbox 1258 503 1456 543; x_wconf 81' lang='lat' dir='ltr'>quemque</span> <span class='ocrx_word' id='word_1_51' title='bbox 1478 505 1604 534; x_wconf 83' lang='lat' dir='ltr'>mater</span> 
     </span>
     <span class='ocr_line' id='line_1_7' title="bbox 212 549 1605 607; baseline 0.001 -11"><span class='ocrx_word' id='word_1_52' title='bbox 212 553 400 597; x_wconf 84' lang='lat' dir='ltr'>uberibus</span> <span class='ocrx_word' id='word_1_53' title='bbox 423 553 496 596; x_wconf 84' lang='lat' dir='ltr'>alit</span> <span class='ocrx_word' id='word_1_54' title='bbox 517 558 558 604; x_wconf 83' lang='lat'>⁵,</span> <span class='ocrx_word' id='word_1_55' title='bbox 585 567 662 594; x_wconf 90' lang='lat' dir='ltr'>nec</span> <span class='ocrx_word' id='word_1_56' title='bbox 686 550 845 593; x_wconf 83' lang='lat' dir='ltr'>ancillis</span> <span class='ocrx_word' id='word_1_57' title='bbox 870 567 917 592; x_wconf 86' lang='lat' dir='ltr'>ac</span> <span class='ocrx_word' id='word_1_58' title='bbox 942 550 1164 592; x_wconf 84' lang='lat' dir='ltr'>nutricibus</span> <span class='ocrx_word' id='word_1_59' title='bbox 1192 550 1208 573; x_wconf 82' lang='lat'>⁶</span> <span class='ocrx_word' id='word_1_60' title='bbox 1237 549 1486 607; x_wconf 85' lang='lat' dir='ltr'>delegantur.</span> <span class='ocrx_word' id='word_1_61' title='bbox 1511 555 1605 598; x_wconf 89' lang='lat' dir='ltr'>Do-</span> 
     </span>
     <span class='ocr_line' id='line_1_8' title="bbox 211 614 1604 669; baseline 0.001 -9"><span class='ocrx_word' id='word_1_62' title='bbox 211 620 369 661; x_wconf 85' lang='lat' dir='ltr'>minum</span> <span class='ocrx_word' id='word_1_63' title='bbox 395 634 443 660; x_wconf 83' lang='lat' dir='ltr'>ac</span> <span class='ocrx_word' id='word_1_64' title='bbox 467 617 625 658; x_wconf 88' lang='lat' dir='ltr'>servum</span> <span class='ocrx_word' id='word_1_65' title='bbox 646 614 768 656; x_wconf 86' lang='lat' dir='ltr'>nullis</span> <span class='ocrx_word' id='word_1_66' title='bbox 789 615 1039 657; x_wconf 83' lang='lat' dir='ltr'>educationis</span> <span class='ocrx_word' id='word_1_67' title='bbox 1067 614 1224 656; x_wconf 86' lang='lat' dir='ltr'>deliciis</span> <span class='ocrx_word' id='word_1_68' title='bbox 1249 614 1475 669; x_wconf 82' lang='lat' dir='ltr'><strong>dignoscas.</strong></span> <span class='ocrx_word' id='word_1_69' title='bbox 1494 619 1604 661; x_wconf 81' lang='lat' dir='ltr'>Inter</span> 
     </span>
     <span class='ocr_line' id='line_1_9' title="bbox 210 676 1603 740; baseline -0.001 -15"><span class='ocrx_word' id='word_1_70' title='bbox 210 683 352 727; x_wconf 81' lang='lat' dir='ltr'>eadem</span> <span class='ocrx_word' id='word_1_71' title='bbox 383 695 532 740; x_wconf 87' lang='lat' dir='ltr'>pecora</span> <span class='ocrx_word' id='word_1_72' title='bbox 550 686 593 733; x_wconf 85' lang='lat'>⁷,</span> <span class='ocrx_word' id='word_1_73' title='bbox 621 681 665 721; x_wconf 86' lang='lat' dir='ltr'>in</span> <span class='ocrx_word' id='word_1_74' title='bbox 697 676 837 721; x_wconf 63' lang='lat' dir='ltr'>eadem</span> <span class='ocrx_word' id='word_1_75' title='bbox 865 681 990 720; x_wconf 89' lang='lat' dir='ltr'>humo</span> <span class='ocrx_word' id='word_1_76' title='bbox 1018 679 1200 735; x_wconf 81' lang='lat' dir='ltr'>degunt,</span> <span class='ocrx_word' id='word_1_77' title='bbox 1227 678 1360 721; x_wconf 87' lang='lat' dir='ltr'>donec</span> <span class='ocrx_word' id='word_1_78' title='bbox 1385 693 1474 722; x_wconf 83' lang='lat' dir='ltr'>aetas</span> <span class='ocrx_word' id='word_1_79' title='bbox 1499 678 1512 703; x_wconf 75' lang='lat'><em>8</em></span> <span class='ocrx_word' id='word_1_80' title='bbox 1541 684 1603 724; x_wconf 84' lang='lat' dir='ltr'>se-</span> 
     </span>
    </p>
   </div>
   <div class='ocr_carea' id='block_1_3' title="bbox 206 824 893 2445">
    <p class='ocr_par' dir='ltr' id='par_1_4' title="bbox 206 824 893 2445">
     <span class='ocr_line' id='line_1_10' title="bbox 255 824 888 865; baseline -0.002 -8"><span class='ocrx_word' id='word_1_81' title='bbox 255 831 264 846; x_wconf 86' lang='lat'>¹</span> <span class='ocrx_word' id='word_1_82' title='bbox 287 826 429 863; x_wconf 70' lang='lat' dir='ltr'>mess]</span> <span class='ocrx_word' id='word_1_83' title='bbox 451 827 493 856; x_wconf 81' lang='lat' dir='ltr'>At</span> <span class='ocrx_word' id='word_1_84' title='bbox 507 824 586 855; x_wconf 88' lang='lat' dir='ltr'>nihil</span> <span class='ocrx_word' id='word_1_85' title='bbox 609 826 718 856; x_wconf 72' lang='lat' dir='ltr'>Romae</span> <span class='ocrx_word' id='word_1_86' title='bbox 738 825 888 865; x_wconf 84' lang='lat' dir='ltr'>frequen-</span> 
     </span>
     <span class='ocr_line' id='line_1_11' title="bbox 212 864 888 904; baseline -0.003 -7"><span class='ocrx_word' id='word_1_87' title='bbox 212 865 275 897; x_wconf 78' lang='lat' dir='ltr'>tius</span> <span class='ocrx_word' id='word_1_88' title='bbox 289 889 299 903; x_wconf 91' lang='lat'>,</span> <span class='ocrx_word' id='word_1_89' title='bbox 326 866 462 896; x_wconf 81' lang='lat' dir='ltr'>maxime</span> <span class='ocrx_word' id='word_1_90' title='bbox 491 865 573 904; x_wconf 81' lang='lat' dir='ltr'>apud</span> <span class='ocrx_word' id='word_1_91' title='bbox 592 864 706 896; x_wconf 81' lang='lat' dir='ltr'>divites</span> <span class='ocrx_word' id='word_1_92' title='bbox 728 864 860 895; x_wconf 86' lang='lat' dir='ltr'>feminas</span> <span class='ocrx_word' id='word_1_93' title='bbox 879 888 888 902; x_wconf 90' lang='lat'>,</span> 
     </span>
     <span class='ocr_line' id='line_1_12' title="bbox 213 903 888 944; baseline 0 -9"><span class='ocrx_word' id='word_1_94' title='bbox 213 915 280 944; x_wconf 83' lang='lat' dir='ltr'>quae</span> <span class='ocrx_word' id='word_1_95' title='bbox 293 905 394 944; x_wconf 78' lang='lat' dir='ltr'>partus</span> <span class='ocrx_word' id='word_1_96' title='bbox 411 904 590 935; x_wconf 84' lang='lat' dir='ltr'>discrimina</span> <span class='ocrx_word' id='word_1_97' title='bbox 606 903 787 936; x_wconf 78' lang='lat' dir='ltr'>horrebant.</span> <span class='ocrx_word' id='word_1_98' title='bbox 799 905 888 936; x_wconf 88' lang='lat' dir='ltr'><strong>Unde</strong></span> 
     </span>
     <span class='ocr_line' id='line_1_13' title="bbox 213 945 575 983; baseline -0.003 -8"><span class='ocrx_word' id='word_1_99' title='bbox 213 945 392 982; x_wconf 78' lang='lat' dir='ltr'>Juvenalis,</span> <span class='ocrx_word' id='word_1_100' title='bbox 411 946 453 976; x_wconf 93' lang='lat' dir='ltr'>VI</span> <span class='ocrx_word' id='word_1_101' title='bbox 471 968 480 981; x_wconf 89' lang='lat'><strong>‚</strong></span> <span class='ocrx_word' id='word_1_102' title='bbox 505 954 575 983; x_wconf 88' lang='lat'>593.</span> 
     </span>
     <span class='ocr_line' id='line_1_14' title="bbox 229 996 736 1029; baseline 0.002 -9"><span class='ocrx_word' id='word_1_103' title='bbox 229 997 432 1027; x_wconf 78' lang='lat' dir='ltr'>Sedjaceraurato</span> <span class='ocrx_word' id='word_1_104' title='bbox 440 997 481 1021; x_wconf 83' lang='lat' dir='ltr'>vix</span> <span class='ocrx_word' id='word_1_105' title='bbox 491 997 541 1020; x_wconf 87' lang='lat' dir='ltr'>ulla</span> <span class='ocrx_word' id='word_1_106' title='bbox 548 1004 660 1029; x_wconf 77' lang='lat' dir='ltr'>puerpera</span> <span class='ocrx_word' id='word_1_107' title='bbox 671 996 736 1021; x_wconf 62' lang='lat'>1250.</span> 
     </span>
     <span class='ocr_line' id='line_1_15' title="bbox 228 1029 870 1063; baseline 0.003 -10"><span class='ocrx_word' id='word_1_108' title='bbox 228 1029 328 1054; x_wconf 76' lang='lat' dir='ltr'>Tantum</span> <span class='ocrx_word' id='word_1_109' title='bbox 340 1038 402 1054; x_wconf 77' lang='lat' dir='ltr'>artes</span> <span class='ocrx_word' id='word_1_110' title='bbox 411 1030 488 1061; x_wconf 81' lang='lat' dir='ltr'>hujus,</span> <span class='ocrx_word' id='word_1_111' title='bbox 506 1037 594 1054; x_wconf 66' lang='lat' dir='ltr'>tannim</span> <span class='ocrx_word' id='word_1_112' title='bbox 606 1031 762 1055; x_wconf 74' lang='lat' dir='ltr'>medicamina</span> <span class='ocrx_word' id='word_1_113' title='bbox 772 1030 870 1063; x_wconf 63' lang='lat' dir='ltr'>pqffunr,</span> 
     </span>
     <span class='ocr_line' id='line_1_16' title="bbox 227 1063 889 1098; baseline 0 -10"><span class='ocrx_word' id='word_1_114' title='bbox 227 1063 525 1098; x_wconf 70' lang='lat' dir='ltr'>Quaesterilesfacit,atqzaee</span> <span class='ocrx_word' id='word_1_115' title='bbox 537 1064 639 1089; x_wconf 77' lang='lat' dir='ltr'>homines</span> <span class='ocrx_word' id='word_1_116' title='bbox 648 1065 671 1088; x_wconf 88' lang='lat' dir='ltr'>in</span> <span class='ocrx_word' id='word_1_117' title='bbox 683 1073 763 1089; x_wconf 77' lang='lat' dir='ltr'>ventre</span> <span class='ocrx_word' id='word_1_118' title='bbox 774 1066 889 1090; x_wconf 67' lang='lat' dir='ltr'>necandos</span> 
     </span>
     <span class='ocr_line' id='line_1_17' title="bbox 227 1097 351 1122; baseline 0 0"><span class='ocrx_word' id='word_1_119' title='bbox 227 1097 351 1122; x_wconf 69' lang='lat' dir='ltr'>eonducir.</span> 
     </span>
     <span class='ocr_line' id='line_1_18' title="bbox 251 1142 889 1182; baseline 0 -10"><span class='ocrx_word' id='word_1_120' title='bbox 251 1146 263 1159; x_wconf 83' lang='lat'>²</span> <span class='ocrx_word' id='word_1_121' title='bbox 287 1143 478 1179; x_wconf 76' lang='lat' dir='ltr'><strong>QUEMQUAM</strong></span> <span class='ocrx_word' id='word_1_122' title='bbox 500 1154 541 1174; x_wconf 71' lang='lat' dir='ltr'>cx</span> <span class='ocrx_word' id='word_1_123' title='bbox 567 1154 699 1174; x_wconf 74' lang='lat' dir='ltr'>AGNATIS</span> <span class='ocrx_word' id='word_1_124' title='bbox 718 1144 732 1180; x_wconf 92' lang='lat'>]</span> <span class='ocrx_word' id='word_1_125' title='bbox 760 1142 889 1182; x_wconf 65' lang='lat' dir='ltr'>Adgnari</span> 
     </span>
     <span class='ocr_line' id='line_1_19' title="bbox 211 1181 890 1221; baseline -0.001 -9"><span class='ocrx_word' id='word_1_126' title='bbox 211 1181 376 1218; x_wconf 84' lang='lat' dir='ltr'>dicuntur,</span> <span class='ocrx_word' id='word_1_127' title='bbox 406 1182 460 1221; x_wconf 88' lang='lat' dir='ltr'>qui</span> <span class='ocrx_word' id='word_1_128' title='bbox 468 1183 536 1220; x_wconf 66' lang='lat' dir='ltr'>fiznt</span> <span class='ocrx_word' id='word_1_129' title='bbox 550 1192 599 1219; x_wconf 78' lang='lat' dir='ltr'>per</span> <span class='ocrx_word' id='word_1_130' title='bbox 611 1192 717 1219; x_wconf 72' lang='lat' dir='ltr'>patrem</span> <span class='ocrx_word' id='word_1_131' title='bbox 731 1182 843 1221; x_wconf 81' lang='lat' dir='ltr'>cognati</span> <span class='ocrx_word' id='word_1_132' title='bbox 856 1192 890 1211; x_wconf 80' lang='lat' dir='ltr'>ex</span> 
     </span>
     <span class='ocr_line' id='line_1_20' title="bbox 211 1221 888 1260; baseline 0 -10"><span class='ocrx_word' id='word_1_133' title='bbox 211 1221 431 1258; x_wconf 71' lang='lat' dir='ltr'>eademfamilia.</span> <span class='ocrx_word' id='word_1_134' title='bbox 445 1221 558 1260; x_wconf 85' lang='lat' dir='ltr'>Digest.</span> <span class='ocrx_word' id='word_1_135' title='bbox 576 1221 645 1252; x_wconf 82' lang='lat' dir='ltr'>libr.</span> <span class='ocrx_word' id='word_1_136' title='bbox 659 1223 770 1252; x_wconf 88' lang='lat' dir='ltr'>XXVI.</span> <span class='ocrx_word' id='word_1_137' title='bbox 782 1221 848 1250; x_wconf 83' lang='lat' dir='ltr'>Tit.</span> <span class='ocrx_word' id='word_1_138' title='bbox 859 1233 888 1259; x_wconf 88' lang='lat'>4.</span> 
     </span>
     <span class='ocr_line' id='line_1_21' title="bbox 212 1260 887 1300; baseline -0.001 -9"><span class='ocrx_word' id='word_1_139' title='bbox 212 1261 304 1300; x_wconf 65' lang='lat' dir='ltr'>1eg.7.</span> <span class='ocrx_word' id='word_1_140' title='bbox 319 1262 353 1292; x_wconf 90' lang='lat'>&amp;</span> <span class='ocrx_word' id='word_1_141' title='bbox 367 1260 435 1291; x_wconf 86' lang='lat' dir='ltr'>libr.</span> <span class='ocrx_word' id='word_1_142' title='bbox 450 1262 622 1291; x_wconf 88' lang='lat' dir='ltr'>XXXVIII.</span> <span class='ocrx_word' id='word_1_143' title='bbox 636 1260 700 1290; x_wconf 84' lang='lat' dir='ltr'>Tit.</span> <span class='ocrx_word' id='word_1_144' title='bbox 716 1270 760 1289; x_wconf 91' lang='lat'>10.</span> <span class='ocrx_word' id='word_1_145' title='bbox 775 1260 887 1299; x_wconf 51' lang='lat' dir='ltr'>legno.</span> 
     </span>
     <span class='ocr_line' id='line_1_22' title="bbox 212 1299 889 1338; baseline -0.01 -7"><span class='ocrx_word' id='word_1_146' title='bbox 212 1310 298 1331; x_wconf 89' lang='lat' dir='ltr'>num.</span> <span class='ocrx_word' id='word_1_147' title='bbox 310 1311 338 1330; x_wconf 88' lang='lat'>2.</span> <span class='ocrx_word' id='word_1_148' title='bbox 358 1301 506 1329; x_wconf 71' lang='lat' dir='ltr'>Praeterea</span> <span class='ocrx_word' id='word_1_149' title='bbox 521 1299 601 1338; x_wconf 87' lang='lat' dir='ltr'>apud</span> <span class='ocrx_word' id='word_1_150' title='bbox 614 1301 777 1330; x_wconf 83' lang='lat' dir='ltr'>Romanos</span> <span class='ocrx_word' id='word_1_151' title='bbox 788 1323 797 1336; x_wconf 89' lang='lat'><strong><em>,</em></strong></span> <span class='ocrx_word' id='word_1_152' title='bbox 809 1299 889 1336; x_wconf 75' lang='lat' dir='ltr'>adop-</span> 
     </span>
     <span class='ocr_line' id='line_1_23' title="bbox 210 1338 889 1378; baseline -0.003 -9"><span class='ocrx_word' id='word_1_153' title='bbox 210 1339 251 1370; x_wconf 72' lang='grc' dir='ltr'>ῑὶο</span> <span class='ocrx_word' id='word_1_154' title='bbox 265 1349 319 1368; x_wconf 84' lang='lat' dir='ltr'>non</span> <span class='ocrx_word' id='word_1_155' title='bbox 337 1339 384 1376; x_wconf 79' lang='lat' dir='ltr'>jus</span> <span class='ocrx_word' id='word_1_156' title='bbox 393 1339 547 1378; x_wconf 66' lang='lat' dir='ltr'>sanguinis</span> <span class='ocrx_word' id='word_1_157' title='bbox 561 1363 570 1376; x_wconf 94' lang='lat'><em>‚</em></span> <span class='ocrx_word' id='word_1_158' title='bbox 584 1338 635 1376; x_wconf 77' lang='lat' dir='ltr'>feci</span> <span class='ocrx_word' id='word_1_159' title='bbox 648 1339 695 1377; x_wconf 81' lang='lat' dir='ltr'>jus</span> <span class='ocrx_word' id='word_1_160' title='bbox 709 1338 889 1377; x_wconf 76' lang='lat' dir='ltr'>adgnationis</span> 
     </span>
     <span class='ocr_line' id='line_1_24' title="bbox 211 1377 889 1418; baseline 0.003 -11"><span class='ocrx_word' id='word_1_161' title='bbox 211 1377 312 1415; x_wconf 77' lang='lat' dir='ltr'>adfert.</span> <span class='ocrx_word' id='word_1_162' title='bbox 322 1377 436 1417; x_wconf 85' lang='lat' dir='ltr'>Digest.</span> <span class='ocrx_word' id='word_1_163' title='bbox 445 1378 515 1409; x_wconf 81' lang='lat' dir='ltr'>libr.</span> <span class='ocrx_word' id='word_1_164' title='bbox 528 1380 552 1408; x_wconf 90' lang='lat'>1.</span> <span class='ocrx_word' id='word_1_165' title='bbox 564 1378 629 1408; x_wconf 83' lang='lat' dir='ltr'>Tit.</span> <span class='ocrx_word' id='word_1_166' title='bbox 641 1389 671 1418; x_wconf 87' lang='lat'>7.</span> <span class='ocrx_word' id='word_1_167' title='bbox 687 1378 725 1408; x_wconf 86' lang='lat' dir='ltr'>de</span> <span class='ocrx_word' id='word_1_168' title='bbox 734 1378 889 1417; x_wconf 89' lang='lat' dir='ltr'>Adoptio-</span> 
     </span>
     <span class='ocr_line' id='line_1_25' title="bbox 211 1418 888 1462; baseline -0.001 -13"><span class='ocrx_word' id='word_1_169' title='bbox 211 1418 314 1449; x_wconf 86' lang='lat' dir='ltr'>nibus.</span> <span class='ocrx_word' id='word_1_170' title='bbox 333 1418 393 1462; x_wconf 82' lang='lat' dir='ltr'>leg.</span> <span class='ocrx_word' id='word_1_171' title='bbox 409 1428 458 1456; x_wconf 81' lang='lat'>23.</span> <span class='ocrx_word' id='word_1_172' title='bbox 483 1419 580 1448; x_wconf 89' lang='lat' dir='ltr'>Porro</span> <span class='ocrx_word' id='word_1_173' title='bbox 604 1419 675 1448; x_wconf 74' lang='lat' dir='ltr'>cum</span> <span class='ocrx_word' id='word_1_174' title='bbox 700 1418 782 1456; x_wconf 83' lang='lat' dir='ltr'>apud</span> <span class='ocrx_word' id='word_1_175' title='bbox 807 1418 888 1448; x_wconf 86' lang='lat' dir='ltr'>Ger—</span> 
     </span>
     <span class='ocr_line' id='line_1_26' title="bbox 212 1457 889 1496; baseline 0.001 -8"><span class='ocrx_word' id='word_1_176' title='bbox 212 1468 323 1489; x_wconf 86' lang='lat' dir='ltr'>manos</span> <span class='ocrx_word' id='word_1_177' title='bbox 343 1466 465 1495; x_wconf 75' lang='lat' dir='ltr'>vrgeret</span> <span class='ocrx_word' id='word_1_178' title='bbox 478 1457 609 1496; x_wconf 81' lang='lat' dir='ltr'>adoptio</span> <span class='ocrx_word' id='word_1_179' title='bbox 621 1481 631 1494; x_wconf 86' lang='lat'>,</span> <span class='ocrx_word' id='word_1_180' title='bbox 652 1457 805 1496; x_wconf 80' lang='lat' dir='ltr'>flagitium</span> <span class='ocrx_word' id='word_1_181' title='bbox 819 1458 889 1489; x_wconf 76' lang='lat' dir='ltr'>sane</span> 
     </span>
     <span class='ocr_line' id='line_1_27' title="bbox 211 1495 888 1536; baseline 0 -8"><span class='ocrx_word' id='word_1_182' title='bbox 211 1498 294 1536; x_wconf 85' lang='lat' dir='ltr'>apud</span> <span class='ocrx_word' id='word_1_183' title='bbox 308 1507 361 1528; x_wconf 89' lang='lat' dir='ltr'>eos</span> <span class='ocrx_word' id='word_1_184' title='bbox 373 1495 433 1527; x_wconf 87' lang='lat' dir='ltr'>fuit</span> <span class='ocrx_word' id='word_1_185' title='bbox 448 1507 514 1527; x_wconf 91' lang='lat' dir='ltr'>non</span> <span class='ocrx_word' id='word_1_186' title='bbox 526 1498 624 1528; x_wconf 77' lang='lat' dir='ltr'>modo</span> <span class='ocrx_word' id='word_1_187' title='bbox 636 1507 675 1527; x_wconf 84' lang='lat' dir='ltr'>ex</span> <span class='ocrx_word' id='word_1_188' title='bbox 690 1496 795 1527; x_wconf 88' lang='lat' dir='ltr'>liberis</span> <span class='ocrx_word' id='word_1_189' title='bbox 807 1520 816 1534; x_wconf 85' lang='lat'>‚</span> <span class='ocrx_word' id='word_1_190' title='bbox 830 1508 888 1528; x_wconf 89' lang='lat' dir='ltr'>co—</span> 
     </span>
     <span class='ocr_line' id='line_1_28' title="bbox 212 1535 888 1576; baseline 0.001 -9"><span class='ocrx_word' id='word_1_191' title='bbox 212 1536 314 1575; x_wconf 81' lang='lat' dir='ltr'>gnatis</span> <span class='ocrx_word' id='word_1_192' title='bbox 326 1559 335 1573; x_wconf 89' lang='lat'>‚</span> <span class='ocrx_word' id='word_1_193' title='bbox 352 1535 404 1567; x_wconf 85' lang='lat' dir='ltr'>sed</span> <span class='ocrx_word' id='word_1_194' title='bbox 425 1536 460 1568; x_wconf 71' lang='grc' dir='ltr'>ὃ(</span> <span class='ocrx_word' id='word_1_195' title='bbox 479 1546 516 1567; x_wconf 88' lang='lat' dir='ltr'>ex</span> <span class='ocrx_word' id='word_1_196' title='bbox 527 1536 682 1575; x_wconf 83' lang='lat' dir='ltr'>adoptatis</span> <span class='ocrx_word' id='word_1_197' title='bbox 698 1546 888 1576; x_wconf 82' lang='lat' dir='ltr'>quemquam</span> 
     </span>
     <span class='ocr_line' id='line_1_29' title="bbox 212 1586 333 1607; baseline -0.008 -1"><span class='ocrx_word' id='word_1_198' title='bbox 212 1586 333 1607; x_wconf 86' lang='lat' dir='ltr'>necare.</span> 
     </span>
     <span class='ocr_line' id='line_1_30' title="bbox 254 1615 889 1652; baseline 0.002 -7"><span class='ocrx_word' id='word_1_199' title='bbox 254 1621 263 1641; x_wconf 89' lang='lat'><em>³</em></span> <span class='ocrx_word' id='word_1_200' title='bbox 286 1617 364 1647; x_wconf 79' lang='lat' dir='ltr'>Bom</span> <span class='ocrx_word' id='word_1_201' title='bbox 385 1625 489 1646; x_wconf 66' lang='lat' dir='ltr'>monas</span> <span class='ocrx_word' id='word_1_202' title='bbox 510 1615 661 1652; x_wconf 65' lang='grc' dir='ltr'>νΑιεκτ]</span> <span class='ocrx_word' id='word_1_203' title='bbox 685 1615 777 1646; x_wconf 81' lang='lat' dir='ltr'>Haud</span> <span class='ocrx_word' id='word_1_204' title='bbox 799 1615 889 1646; x_wconf 84' lang='lat' dir='ltr'>aliter</span> 
     </span>
     <span class='ocr_line' id='line_1_31' title="bbox 212 1653 889 1695; baseline 0 -11"><span class='ocrx_word' id='word_1_205' title='bbox 212 1654 252 1685; x_wconf 90' lang='lat' dir='ltr'>de</span> <span class='ocrx_word' id='word_1_206' title='bbox 266 1654 386 1694; x_wconf 84' lang='lat' dir='ltr'>Scythis</span> <span class='ocrx_word' id='word_1_207' title='bbox 397 1655 527 1685; x_wconf 84' lang='lat' dir='ltr'>Justinus</span> <span class='ocrx_word' id='word_1_208' title='bbox 537 1656 564 1684; x_wconf 94' lang='lat' dir='ltr'>II</span> <span class='ocrx_word' id='word_1_209' title='bbox 575 1678 584 1692; x_wconf 91' lang='lat'>,</span> <span class='ocrx_word' id='word_1_210' title='bbox 597 1666 626 1685; x_wconf 91' lang='lat'>2.</span> <span class='ocrx_word' id='word_1_211' title='bbox 643 1653 757 1694; x_wconf 71' lang='lat' dir='ltr'>Justiria</span> <span class='ocrx_word' id='word_1_212' title='bbox 770 1679 778 1692; x_wconf 92' lang='lat'>‚</span> <span class='ocrx_word' id='word_1_213' title='bbox 794 1656 889 1695; x_wconf 79' lang='lat' dir='ltr'>gentis</span> 
     </span>
     <span class='ocr_line' id='line_1_32' title="bbox 212 1693 888 1734; baseline 0.001 -10"><span class='ocrx_word' id='word_1_214' title='bbox 212 1694 335 1734; x_wconf 81' lang='lat' dir='ltr'>ingeniis</span> <span class='ocrx_word' id='word_1_215' title='bbox 359 1694 432 1722; x_wconf 71' lang='lat' dir='ltr'>culta</span> <span class='ocrx_word' id='word_1_216' title='bbox 445 1718 455 1731; x_wconf 88' lang='lat'>‚</span> <span class='ocrx_word' id='word_1_217' title='bbox 480 1704 533 1723; x_wconf 83' lang='lat' dir='ltr'>non</span> <span class='ocrx_word' id='word_1_218' title='bbox 556 1693 670 1733; x_wconf 72' lang='lat' dir='ltr'>legibus.</span> <span class='ocrx_word' id='word_1_219' title='bbox 694 1695 785 1733; x_wconf 86' lang='lat' dir='ltr'>Apud</span> <span class='ocrx_word' id='word_1_220' title='bbox 812 1696 888 1725; x_wconf 82' lang='lat' dir='ltr'>Get-</span> 
     </span>
     <span class='ocr_line' id='line_1_33' title="bbox 213 1734 888 1773; baseline 0 -9"><span class='ocrx_word' id='word_1_221' title='bbox 213 1743 324 1765; x_wconf 81' lang='lat' dir='ltr'>manos</span> <span class='ocrx_word' id='word_1_222' title='bbox 334 1735 401 1773; x_wconf 85' lang='lat' dir='ltr'>plus</span> <span class='ocrx_word' id='word_1_223' title='bbox 412 1734 493 1764; x_wconf 91' lang='lat' dir='ltr'>boni</span> <span class='ocrx_word' id='word_1_224' title='bbox 502 1743 605 1764; x_wconf 85' lang='lat' dir='ltr'>mores</span> <span class='ocrx_word' id='word_1_225' title='bbox 620 1734 785 1771; x_wconf 88' lang='lat' dir='ltr'>valebant,</span> <span class='ocrx_word' id='word_1_226' title='bbox 796 1736 888 1772; x_wconf 59' lang='lat' dir='ltr'>quam</span> 
     </span>
     <span class='ocr_line' id='line_1_34' title="bbox 213 1773 889 1813; baseline 0.001 -9"><span class='ocrx_word' id='word_1_227' title='bbox 213 1774 295 1811; x_wconf 81' lang='lat' dir='ltr'>apud</span> <span class='ocrx_word' id='word_1_228' title='bbox 319 1775 479 1805; x_wconf 86' lang='lat' dir='ltr'>Romanos</span> <span class='ocrx_word' id='word_1_229' title='bbox 499 1774 592 1804; x_wconf 84' lang='lat' dir='ltr'>bonae</span> <span class='ocrx_word' id='word_1_230' title='bbox 605 1773 707 1813; x_wconf 83' lang='lat' dir='ltr'>leges,</span> <span class='ocrx_word' id='word_1_231' title='bbox 726 1774 765 1804; x_wconf 87' lang='lat' dir='ltr'>de</span> <span class='ocrx_word' id='word_1_232' title='bbox 777 1774 889 1813; x_wconf 83' lang='lat' dir='ltr'>quibus</span> 
     </span>
     <span class='ocr_line' id='line_1_35' title="bbox 214 1813 889 1853; baseline 0.003 -11"><span class='ocrx_word' id='word_1_233' title='bbox 214 1813 330 1843; x_wconf 62' lang='lat' dir='ltr'>dicium</span> <span class='ocrx_word' id='word_1_234' title='bbox 340 1813 425 1850; x_wconf 71' lang='lat' dir='ltr'>supra</span> <span class='ocrx_word' id='word_1_235' title='bbox 434 1813 547 1843; x_wconf 86' lang='lat' dir='ltr'>Annal.</span> <span class='ocrx_word' id='word_1_236' title='bbox 558 1815 601 1843; x_wconf 93' lang='lat' dir='ltr'>III</span> <span class='ocrx_word' id='word_1_237' title='bbox 612 1836 621 1850; x_wconf 90' lang='lat'>,</span> <span class='ocrx_word' id='word_1_238' title='bbox 636 1824 671 1853; x_wconf 86' lang='lat'>²5</span> <span class='ocrx_word' id='word_1_239' title='bbox 681 1814 715 1844; x_wconf 67' lang='grc' dir='ltr'>ὃς</span> <span class='ocrx_word' id='word_1_240' title='bbox 729 1817 775 1844; x_wconf 82' lang='lat'>26.</span> <span class='ocrx_word' id='word_1_241' title='bbox 786 1816 889 1851; x_wconf 67' lang='lat' dir='ltr'>Quam</span> 
     </span>
     <span class='ocr_line' id='line_1_36' title="bbox 212 1852 889 1892; baseline 0.004 -11"><span class='ocrx_word' id='word_1_242' title='bbox 212 1852 356 1883; x_wconf 63' lang='lat' dir='ltr'>audacier</span> <span class='ocrx_word' id='word_1_243' title='bbox 382 1860 486 1882; x_wconf 85' lang='lat' dir='ltr'>autem</span> <span class='ocrx_word' id='word_1_244' title='bbox 516 1863 557 1883; x_wconf 82' lang='lat' dir='ltr'>eae</span> <span class='ocrx_word' id='word_1_245' title='bbox 576 1853 657 1891; x_wconf 87' lang='lat' dir='ltr'>leges</span> <span class='ocrx_word' id='word_1_246' title='bbox 674 1852 889 1892; x_wconf 84' lang='lat' dir='ltr'>spernerentur</span> 
     </span>
     <span class='ocr_line' id='line_1_37' title="bbox 217 1890 890 1934; baseline 0.004 -14"><span class='ocrx_word' id='word_1_247' title='bbox 217 1890 368 1934; x_wconf 76' lang='lat' dir='ltr'>saepiffime</span> <span class='ocrx_word' id='word_1_248' title='bbox 381 1900 551 1930; x_wconf 83' lang='lat' dir='ltr'>queruntur</span> <span class='ocrx_word' id='word_1_249' title='bbox 566 1893 685 1928; x_wconf 81' lang='lat' dir='ltr'>Patres,</span> <span class='ocrx_word' id='word_1_250' title='bbox 702 1902 737 1923; x_wconf 87' lang='lat' dir='ltr'>ac</span> <span class='ocrx_word' id='word_1_251' title='bbox 752 1893 890 1924; x_wconf 74' lang='lat' dir='ltr'>maxime</span> 
     </span>
     <span class='ocr_line' id='line_1_38' title="bbox 214 1930 889 1971; baseline 0.003 -11"><span class='ocrx_word' id='word_1_252' title='bbox 214 1930 370 1962; x_wconf 80' lang='lat' dir='ltr'>Minucius</span> <span class='ocrx_word' id='word_1_253' title='bbox 392 1931 502 1969; x_wconf 86' lang='lat' dir='ltr'>Felix,</span> <span class='ocrx_word' id='word_1_254' title='bbox 523 1931 557 1961; x_wconf 87' lang='lat' dir='ltr'>in</span> <span class='ocrx_word' id='word_1_255' title='bbox 573 1931 707 1962; x_wconf 62' lang='lat' dir='ltr'>Ofilavio</span> <span class='ocrx_word' id='word_1_256' title='bbox 721 1955 730 1969; x_wconf 91' lang='lat'>,</span> <span class='ocrx_word' id='word_1_257' title='bbox 749 1942 814 1971; x_wconf 89' lang='lat' dir='ltr'>cap.</span> <span class='ocrx_word' id='word_1_258' title='bbox 842 1943 889 1970; x_wconf 87' lang='lat'>30.</span> 
     </span>
     <span class='ocr_line' id='line_1_39' title="bbox 215 1967 888 2010; baseline 0.003 -11"><span class='ocrx_word' id='word_1_259' title='bbox 215 1967 275 1999; x_wconf 81' lang='lat' dir='ltr'>Vos</span> <span class='ocrx_word' id='word_1_260' title='bbox 286 1970 357 1999; x_wconf 84' lang='lat' dir='ltr'>enim</span> <span class='ocrx_word' id='word_1_261' title='bbox 367 1969 688 2010; x_wconf 74' lang='lat' dir='ltr'>videoprocreatosfilios</span> <span class='ocrx_word' id='word_1_262' title='bbox 697 1972 848 2008; x_wconf 75' lang='lat' dir='ltr'>nuncferis</span> <span class='ocrx_word' id='word_1_263' title='bbox 859 1972 888 2002; x_wconf 62' lang='grc' dir='ltr'>ἕν’</span> 
     </span>
     <span class='ocr_line' id='line_1_40' title="bbox 214 2008 889 2051; baseline 0.006 -14"><span class='ocrx_word' id='word_1_264' title='bbox 214 2008 314 2038; x_wconf 77' lang='lat' dir='ltr'>avibus</span> <span class='ocrx_word' id='word_1_265' title='bbox 332 2019 464 2046; x_wconf 81' lang='lat' dir='ltr'>exponere</span> <span class='ocrx_word' id='word_1_266' title='bbox 476 2034 486 2047; x_wconf 87' lang='lat'>‚</span> <span class='ocrx_word' id='word_1_267' title='bbox 500 2020 574 2039; x_wconf 83' lang='lat' dir='ltr'>nunc</span> <span class='ocrx_word' id='word_1_268' title='bbox 595 2010 817 2051; x_wconf 83' lang='lat' dir='ltr'>adstrangulatos</span> <span class='ocrx_word' id='word_1_269' title='bbox 834 2012 889 2041; x_wconf 84' lang='lat' dir='ltr'>mi-</span> 
     </span>
     <span class='ocr_line' id='line_1_41' title="bbox 206 2048 891 2091; baseline 0.006 -15"><span class='ocrx_word' id='word_1_270' title='bbox 206 2048 271 2087; x_wconf 75' lang='lat' dir='ltr'>sero</span> <span class='ocrx_word' id='word_1_271' title='bbox 282 2049 377 2077; x_wconf 79' lang='lat' dir='ltr'>mortis</span> <span class='ocrx_word' id='word_1_272' title='bbox 384 2059 484 2088; x_wconf 81' lang='lat' dir='ltr'>genere</span> <span class='ocrx_word' id='word_1_273' title='bbox 505 2049 603 2079; x_wconf 83' lang='lat' dir='ltr'>elidere</span> <span class='ocrx_word' id='word_1_274' title='bbox 614 2051 698 2089; x_wconf 78' lang='lat' dir='ltr'>:ficnt</span> <span class='ocrx_word' id='word_1_275' title='bbox 711 2061 769 2090; x_wconf 74' lang='lat' dir='ltr'>quoe</span> <span class='ocrx_word' id='word_1_276' title='bbox 784 2051 812 2079; x_wconf 83' lang='lat' dir='ltr'>in</span> <span class='ocrx_word' id='word_1_277' title='bbox 828 2052 891 2091; x_wconf 76' lang='lat' dir='ltr'>ipsis</span> 
     </span>
     <span class='ocr_line' id='line_1_42' title="bbox 215 2087 891 2129; baseline 0.006 -13"><span class='ocrx_word' id='word_1_278' title='bbox 215 2087 362 2125; x_wconf 72' lang='lat' dir='ltr'>visceribus</span> <span class='ocrx_word' id='word_1_279' title='bbox 377 2110 386 2123; x_wconf 84' lang='lat'>‚</span> <span class='ocrx_word' id='word_1_280' title='bbox 409 2087 631 2118; x_wconf 79' lang='lat' dir='ltr'>medicaminibus</span> <span class='ocrx_word' id='word_1_281' title='bbox 645 2090 747 2127; x_wconf 77' lang='lat' dir='ltr'>epotis,</span> <span class='ocrx_word' id='word_1_282' title='bbox 758 2090 891 2129; x_wconf 76' lang='lat' dir='ltr'>originem</span> 
     </span>
     <span class='ocr_line' id='line_1_43' title="bbox 207 2126 891 2168; baseline 0.007 -14"><span class='ocrx_word' id='word_1_283' title='bbox 207 2126 301 2163; x_wconf 75' lang='lat' dir='ltr'>futuri</span> <span class='ocrx_word' id='word_1_284' title='bbox 317 2126 433 2157; x_wconf 76' lang='lat' dir='ltr'>hominis</span> <span class='ocrx_word' id='word_1_285' title='bbox 451 2128 618 2168; x_wconf 77' lang='lat' dir='ltr'>extinguant</span> <span class='ocrx_word' id='word_1_286' title='bbox 633 2151 643 2165; x_wconf 82' lang='lat'>‚</span> <span class='ocrx_word' id='word_1_287' title='bbox 666 2128 696 2157; x_wconf 67' lang='grc' dir='ltr'>Εν</span> <span class='ocrx_word' id='word_1_288' title='bbox 712 2129 891 2165; x_wconf 75' lang='lat' dir='ltr'>parricidium</span> 
     </span>
     <span class='ocr_line' id='line_1_44' title="bbox 209 2165 891 2205; baseline 0.009 -11"><span class='ocrx_word' id='word_1_289' title='bbox 209 2165 325 2203; x_wconf 71' lang='lat' dir='ltr'>faciant</span> <span class='ocrx_word' id='word_1_290' title='bbox 350 2175 495 2205; x_wconf 78' lang='lat' dir='ltr'>antequam</span> <span class='ocrx_word' id='word_1_291' title='bbox 516 2168 641 2204; x_wconf 71' lang='lat' dir='ltr'>pariant.</span> <span class='ocrx_word' id='word_1_292' title='bbox 660 2168 750 2199; x_wconf 72' lang='lat' dir='ltr'>Adeo</span> <span class='ocrx_word' id='word_1_293' title='bbox 773 2169 891 2200; x_wconf 80' lang='lat' dir='ltr'>malum</span> 
     </span>
     <span class='ocr_line' id='line_1_45' title="bbox 218 2205 891 2246; baseline 0.009 -12"><span class='ocrx_word' id='word_1_294' title='bbox 218 2205 298 2236; x_wconf 88' lang='lat' dir='ltr'>illud</span> <span class='ocrx_word' id='word_1_295' title='bbox 310 2207 416 2237; x_wconf 81' lang='lat' dir='ltr'>Romae</span> <span class='ocrx_word' id='word_1_296' title='bbox 429 2206 607 2237; x_wconf 81' lang='lat' dir='ltr'>inoleverat</span> <span class='ocrx_word' id='word_1_297' title='bbox 618 2230 628 2244; x_wconf 90' lang='lat'>‚</span> <span class='ocrx_word' id='word_1_298' title='bbox 654 2214 687 2237; x_wconf 86' lang='lat' dir='ltr'>ut</span> <span class='ocrx_word' id='word_1_299' title='bbox 702 2207 763 2246; x_wconf 89' lang='lat' dir='ltr'>ipse</span> <span class='ocrx_word' id='word_1_300' title='bbox 776 2208 891 2240; x_wconf 88' lang='lat' dir='ltr'>Plinius</span> 
     </span>
     <span class='ocr_line' id='line_1_46' title="bbox 216 2246 891 2286; baseline 0.003 -9"><span class='ocrx_word' id='word_1_301' title='bbox 216 2246 324 2277; x_wconf 86' lang='lat' dir='ltr'>XXIX</span> <span class='ocrx_word' id='word_1_302' title='bbox 340 2270 350 2283; x_wconf 90' lang='lat'>‚</span> <span class='ocrx_word' id='word_1_303' title='bbox 368 2258 397 2284; x_wconf 86' lang='lat'>4.</span> <span class='ocrx_word' id='word_1_304' title='bbox 422 2246 488 2276; x_wconf 59' lang='lat' dir='ltr'>sect.</span> <span class='ocrx_word' id='word_1_305' title='bbox 515 2257 562 2286; x_wconf 86' lang='lat'>37.</span> <span class='ocrx_word' id='word_1_306' title='bbox 586 2246 726 2277; x_wconf 77' lang='lat' dir='ltr'>atocium</span> <span class='ocrx_word' id='word_1_307' title='bbox 747 2249 891 2286; x_wconf 86' lang='lat' dir='ltr'>excuset,</span> 
     </span>
     <span class='ocr_line' id='line_1_47' title="bbox 212 2285 893 2324; baseline 0.003 -9"><span class='ocrx_word' id='word_1_308' title='bbox 212 2285 345 2321; x_wconf 68' lang='lat' dir='ltr'>quoniam</span> <span class='ocrx_word' id='word_1_309' title='bbox 362 2285 515 2324; x_wconf 85' lang='lat' dir='ltr'>aliquarum</span> <span class='ocrx_word' id='word_1_310' title='bbox 529 2285 688 2322; x_wconf 72' lang='lat' dir='ltr'>fecunditas</span> <span class='ocrx_word' id='word_1_311' title='bbox 703 2286 785 2323; x_wconf 83' lang='lat' dir='ltr'>plena</span> <span class='ocrx_word' id='word_1_312' title='bbox 801 2287 893 2317; x_wconf 84' lang='lat' dir='ltr'>liberis</span> 
     </span>
     <span class='ocr_line' id='line_1_48' title="bbox 218 2323 893 2366; baseline 0.01 -15"><span class='ocrx_word' id='word_1_313' title='bbox 218 2323 271 2352; x_wconf 70' lang='lat' dir='ltr'>tali</span> <span class='ocrx_word' id='word_1_314' title='bbox 288 2325 370 2354; x_wconf 69' lang='lat' dir='ltr'>reniti</span> <span class='ocrx_word' id='word_1_315' title='bbox 396 2324 510 2365; x_wconf 74' lang='lat' dir='ltr'>indiget.</span> <span class='ocrx_word' id='word_1_316' title='bbox 526 2325 636 2356; x_wconf 71' lang='lat' dir='ltr'>Melius</span> <span class='ocrx_word' id='word_1_317' title='bbox 651 2325 817 2366; x_wconf 75' lang='lat' dir='ltr'>wisigothi</span> <span class='ocrx_word' id='word_1_318' title='bbox 834 2351 842 2363; x_wconf 86' lang='lat'><strong>‚</strong></span> <span class='ocrx_word' id='word_1_319' title='bbox 861 2327 893 2358; x_wconf 91' lang='lat' dir='ltr'>in</span> 
     </span>
     <span class='ocr_line' id='line_1_49' title="bbox 219 2361 892 2404; baseline 0.009 -12"><span class='ocrx_word' id='word_1_320' title='bbox 219 2361 301 2393; x_wconf 86' lang='lat' dir='ltr'>hanc</span> <span class='ocrx_word' id='word_1_321' title='bbox 325 2365 531 2404; x_wconf 83' lang='lat' dir='ltr'>corruptelam</span> <span class='ocrx_word' id='word_1_322' title='bbox 558 2365 639 2396; x_wconf 75' lang='lat' dir='ltr'>forte</span> <span class='ocrx_word' id='word_1_323' title='bbox 663 2369 809 2397; x_wconf 59' lang='lat' dir='ltr'>comaclu</span> <span class='ocrx_word' id='word_1_324' title='bbox 825 2368 892 2398; x_wconf 90' lang='lat' dir='ltr'>Ro-</span> 
     </span>
     <span class='ocr_line' id='line_1_50' title="bbox 219 2404 893 2445; baseline 0.009 -12"><span class='ocrx_word' id='word_1_325' title='bbox 219 2411 387 2436; x_wconf 86' lang='lat' dir='ltr'>manorum</span> <span class='ocrx_word' id='word_1_326' title='bbox 407 2404 493 2438; x_wconf 59' lang='lat' dir='ltr'>tradi</span> <span class='ocrx_word' id='word_1_327' title='bbox 504 2428 515 2445; x_wconf 90' lang='lat'>,</span> <span class='ocrx_word' id='word_1_328' title='bbox 536 2404 569 2437; x_wconf 87' lang='lat' dir='ltr'>id</span> <span class='ocrx_word' id='word_1_329' title='bbox 586 2405 681 2440; x_wconf 70' lang='lat' dir='ltr'>scelus</span> <span class='ocrx_word' id='word_1_330' title='bbox 700 2405 893 2439; x_wconf 69' lang='lat' dir='ltr'>severissimis</span> 
     </span>
    </p>
   </div>
   <div class='ocr_carea' id='block_1_4' title="bbox 917 824 1613 2444">
    <p class='ocr_par' dir='ltr' id='par_1_5' title="bbox 917 824 1608 1182">
     <span class='ocr_line' id='line_1_51' title="bbox 928 824 1606 866; baseline 0.001 -9"><span class='ocrx_word' id='word_1_331' title='bbox 928 825 1027 864; x_wconf 78' lang='lat' dir='ltr'>poenis</span> <span class='ocrx_word' id='word_1_332' title='bbox 1045 833 1223 856; x_wconf 84' lang='lat' dir='ltr'>coercuere.</span> <span class='ocrx_word' id='word_1_333' title='bbox 1236 824 1286 855; x_wconf 86' lang='lat' dir='ltr'>Sic</span> <span class='ocrx_word' id='word_1_334' title='bbox 1303 824 1387 855; x_wconf 86' lang='lat' dir='ltr'>enirn</span> <span class='ocrx_word' id='word_1_335' title='bbox 1402 824 1453 856; x_wconf 87' lang='lat' dir='ltr'>Iex</span> <span class='ocrx_word' id='word_1_336' title='bbox 1466 825 1606 866; x_wconf 76' lang='lat' dir='ltr'>Wisigo-</span> 
     </span>
     <span class='ocr_line' id='line_1_52' title="bbox 927 863 1607 905; baseline -0.001 -9"><span class='ocrx_word' id='word_1_337' title='bbox 927 865 1072 902; x_wconf 87' lang='lat' dir='ltr'>thorum,</span> <span class='ocrx_word' id='word_1_338' title='bbox 1092 865 1163 895; x_wconf 87' lang='lat' dir='ltr'>libr.</span> <span class='ocrx_word' id='word_1_339' title='bbox 1182 865 1243 901; x_wconf 86' lang='lat' dir='ltr'>VI,</span> <span class='ocrx_word' id='word_1_340' title='bbox 1256 863 1320 894; x_wconf 85' lang='lat' dir='ltr'>Tit.</span> <span class='ocrx_word' id='word_1_341' title='bbox 1333 875 1360 902; x_wconf 86' lang='lat'>3.</span> <span class='ocrx_word' id='word_1_342' title='bbox 1376 865 1434 904; x_wconf 88' lang='lat' dir='ltr'>leg.</span> <span class='ocrx_word' id='word_1_343' title='bbox 1456 875 1482 895; x_wconf 86' lang='lat'>1.</span> <span class='ocrx_word' id='word_1_344' title='bbox 1502 866 1530 895; x_wconf 87' lang='lat' dir='ltr'>Si</span> <span class='ocrx_word' id='word_1_345' title='bbox 1546 867 1607 905; x_wconf 79' lang='lat' dir='ltr'>quis</span> 
     </span>
     <span class='ocr_line' id='line_1_53' title="bbox 927 903 1608 944; baseline 0.001 -10"><span class='ocrx_word' id='word_1_346' title='bbox 927 904 1034 934; x_wconf 85' lang='lat' dir='ltr'>mulieri</span> <span class='ocrx_word' id='word_1_347' title='bbox 1051 904 1213 944; x_wconf 67' lang='lat' dir='ltr'>sraegnanti</span> <span class='ocrx_word' id='word_1_348' title='bbox 1222 904 1358 941; x_wconf 77' lang='lat' dir='ltr'>potionem</span> <span class='ocrx_word' id='word_1_349' title='bbox 1368 903 1404 933; x_wconf 83' lang='lat' dir='ltr'>ad</span> <span class='ocrx_word' id='word_1_350' title='bbox 1423 905 1545 943; x_wconf 45' lang='lat' dir='ltr'>auor-firm</span> <span class='ocrx_word' id='word_1_351' title='bbox 1557 914 1608 935; x_wconf 75' lang='lat' dir='ltr'>aut</span> 
     </span>
     <span class='ocr_line' id='line_1_54' title="bbox 925 942 1606 982; baseline 0.001 -8"><span class='ocrx_word' id='word_1_352' title='bbox 925 954 974 981; x_wconf 75' lang='lat' dir='ltr'>pro</span> <span class='ocrx_word' id='word_1_353' title='bbox 986 943 1109 974; x_wconf 84' lang='lat' dir='ltr'>necando</span> <span class='ocrx_word' id='word_1_354' title='bbox 1130 944 1238 981; x_wconf 78' lang='lat' dir='ltr'>infante</span> <span class='ocrx_word' id='word_1_355' title='bbox 1253 942 1376 982; x_wconf 76' lang='lat' dir='ltr'>dederit,</span> <span class='ocrx_word' id='word_1_356' title='bbox 1398 943 1559 974; x_wconf 77' lang='lat' dir='ltr'>occidatur:</span> <span class='ocrx_word' id='word_1_357' title='bbox 1575 945 1606 975; x_wconf 66' lang='grc' dir='ltr'>ὓ*</span> 
     </span>
     <span class='ocr_line' id='line_1_55' title="bbox 927 983 1608 1023; baseline 0 -9"><span class='ocrx_word' id='word_1_358' title='bbox 927 984 1035 1022; x_wconf 83' lang='lat' dir='ltr'>mulier,</span> <span class='ocrx_word' id='word_1_359' title='bbox 1043 994 1100 1023; x_wconf 87' lang='lat' dir='ltr'>quae</span> <span class='ocrx_word' id='word_1_360' title='bbox 1112 984 1247 1020; x_wconf 77' lang='lat' dir='ltr'>potionem</span> <span class='ocrx_word' id='word_1_361' title='bbox 1257 983 1294 1012; x_wconf 85' lang='lat' dir='ltr'>ad</span> <span class='ocrx_word' id='word_1_362' title='bbox 1302 984 1424 1022; x_wconf 70' lang='lat' dir='ltr'>avorfiaem</span> <span class='ocrx_word' id='word_1_363' title='bbox 1430 984 1528 1021; x_wconf 82' lang='lat' dir='ltr'>facere</span> <span class='ocrx_word' id='word_1_364' title='bbox 1536 995 1608 1023; x_wconf 82' lang='lat' dir='ltr'>quae-</span> 
     </span>
     <span class='ocr_line' id='line_1_56' title="bbox 918 1023 1607 1064; baseline 0.001 -11"><span class='ocrx_word' id='word_1_365' title='bbox 918 1024 1047 1064; x_wconf 75' lang='lat' dir='ltr'>fivir,fi</span> <span class='ocrx_word' id='word_1_366' title='bbox 1062 1023 1233 1062; x_wconf 70' lang='lat' dir='ltr'>ancillaest,</span> <span class='ocrx_word' id='word_1_367' title='bbox 1257 1031 1308 1053; x_wconf 87' lang='lat' dir='ltr'>cc.</span> <span class='ocrx_word' id='word_1_368' title='bbox 1325 1023 1438 1063; x_wconf 82' lang='lat' dir='ltr'>flagella</span> <span class='ocrx_word' id='word_1_369' title='bbox 1451 1024 1607 1062; x_wconf 72' lang='lat' dir='ltr'>fitscipiat3</span> 
     </span>
     <span class='ocr_line' id='line_1_57' title="bbox 917 1062 1607 1104; baseline 0 -11"><span class='ocrx_word' id='word_1_370' title='bbox 917 1064 947 1103; x_wconf 80' lang='lat' dir='ltr'><em>fi</em></span> <span class='ocrx_word' id='word_1_371' title='bbox 962 1064 1084 1104; x_wconf 85' lang='lat' dir='ltr'>ingenua</span> <span class='ocrx_word' id='word_1_372' title='bbox 1100 1087 1109 1100; x_wconf 84' lang='lat'>‚</span> <span class='ocrx_word' id='word_1_373' title='bbox 1132 1072 1228 1092; x_wconf 82' lang='lat' dir='ltr'>careat</span> <span class='ocrx_word' id='word_1_374' title='bbox 1249 1062 1388 1102; x_wconf 77' lang='lat' dir='ltr'>dignitate</span> <span class='ocrx_word' id='word_1_375' title='bbox 1406 1064 1526 1102; x_wconf 72' lang='lat' dir='ltr'>perfimae</span> <span class='ocrx_word' id='word_1_376' title='bbox 1539 1088 1548 1099; x_wconf 87' lang='lat'><strong>‚</strong></span> <span class='ocrx_word' id='word_1_377' title='bbox 1576 1063 1607 1093; x_wconf 67' lang='lat' dir='ltr'>Cr</span> 
     </span>
     <span class='ocr_line' id='line_1_58' title="bbox 928 1102 1607 1143; baseline 0.001 -11"><span class='ocrx_word' id='word_1_378' title='bbox 928 1103 1133 1143; x_wconf 76' lang='lat' dir='ltr'>cuijuffi’rimus</span> <span class='ocrx_word' id='word_1_379' title='bbox 1143 1103 1284 1142; x_wconf 61' lang='lat' dir='ltr'>finitura</span> <span class='ocrx_word' id='word_1_380' title='bbox 1303 1102 1443 1133; x_wconf 81' lang='lat' dir='ltr'>tradatur.</span> <span class='ocrx_word' id='word_1_381' title='bbox 1472 1103 1552 1134; x_wconf 90' lang='lat' dir='ltr'>Vide</span> <span class='ocrx_word' id='word_1_382' title='bbox 1572 1104 1607 1136; x_wconf 71' lang='grc' dir='ltr'>ὃς</span> 
     </span>
     <span class='ocr_line' id='line_1_59' title="bbox 928 1143 1162 1182; baseline 0 -10"><span class='ocrx_word' id='word_1_383' title='bbox 928 1143 1007 1174; x_wconf 83' lang='lat' dir='ltr'>ibid.</span> <span class='ocrx_word' id='word_1_384' title='bbox 1022 1143 1124 1182; x_wconf 87' lang='lat' dir='ltr'>legem</span> <span class='ocrx_word' id='word_1_385' title='bbox 1133 1153 1162 1182; x_wconf 90' lang='lat'>7.</span> 
     </span>
    </p>

    <p class='ocr_par' dir='ltr' id='par_1_6' title="bbox 924 1182 1609 1615">
     <span class='ocr_line' id='line_1_60' title="bbox 968 1182 1608 1220; baseline 0 -8"><span class='ocrx_word' id='word_1_386' title='bbox 968 1187 982 1206; x_wconf 76' lang='lat'><strong>⁴</strong></span> <span class='ocrx_word' id='word_1_387' title='bbox 1012 1183 1102 1212; x_wconf 82' lang='lat' dir='ltr'>Num</span> <span class='ocrx_word' id='word_1_388' title='bbox 1132 1193 1170 1213; x_wconf 73' lang='lat' dir='ltr'>Ac</span> <span class='ocrx_word' id='word_1_389' title='bbox 1201 1192 1335 1213; x_wconf 71' lang='lat' dir='ltr'>sonmm</span> <span class='ocrx_word' id='word_1_390' title='bbox 1362 1184 1376 1219; x_wconf 94' lang='lat'><em>]</em></span> <span class='ocrx_word' id='word_1_391' title='bbox 1404 1182 1449 1212; x_wconf 82' lang='lat' dir='ltr'>Ita</span> <span class='ocrx_word' id='word_1_392' title='bbox 1501 1191 1608 1220; x_wconf 88' lang='lat' dir='ltr'>uoque</span> 
     </span>
     <span class='ocr_line' id='line_1_61' title="bbox 928 1221 1608 1261; baseline 0 -11"><span class='ocrx_word' id='word_1_393' title='bbox 928 1221 1031 1257; x_wconf 81' lang='lat' dir='ltr'>Mela,</span> <span class='ocrx_word' id='word_1_394' title='bbox 1054 1223 1118 1257; x_wconf 85' lang='grc' dir='ltr'>ΙΙΙ,</span> <span class='ocrx_word' id='word_1_395' title='bbox 1144 1221 1307 1259; x_wconf 84' lang='lat' dir='ltr'>3.Maximo</span> <span class='ocrx_word' id='word_1_396' title='bbox 1318 1221 1426 1260; x_wconf 84' lang='lat' dir='ltr'>frigore</span> <span class='ocrx_word' id='word_1_397' title='bbox 1436 1231 1472 1249; x_wconf 84' lang='lat' dir='ltr'>nu</span> <span class='ocrx_word' id='word_1_398' title='bbox 1494 1221 1503 1249; x_wconf 83' lang='lat' dir='ltr'>i</span> <span class='ocrx_word' id='word_1_399' title='bbox 1518 1230 1608 1261; x_wconf 78' lang='lat' dir='ltr'>agunt</span> 
     </span>
     <span class='ocr_line' id='line_1_62' title="bbox 928 1260 1608 1300; baseline 0.001 -12"><span class='ocrx_word' id='word_1_400' title='bbox 928 1270 1074 1298; x_wconf 73' lang='lat' dir='ltr'>antequam</span> <span class='ocrx_word' id='word_1_401' title='bbox 1094 1260 1225 1296; x_wconf 80' lang='lat' dir='ltr'>puberes,</span> <span class='ocrx_word' id='word_1_402' title='bbox 1251 1260 1281 1289; x_wconf 66' lang='lat' dir='ltr'>{r</span> <span class='ocrx_word' id='word_1_403' title='bbox 1297 1260 1444 1300; x_wconf 79' lang='lat' dir='ltr'>longzffima</span> <span class='ocrx_word' id='word_1_404' title='bbox 1466 1262 1538 1296; x_wconf 70' lang='lat' dir='ltr'>apua</span> <span class='ocrx_word' id='word_1_405' title='bbox 1562 1270 1608 1289; x_wconf 75' lang='lat' dir='ltr'>eor</span> 
     </span>
     <span class='ocr_line' id='line_1_63' title="bbox 924 1299 1608 1336; baseline 0.003 -8"><span class='ocrx_word' id='word_1_406' title='bbox 924 1299 1055 1336; x_wconf 76' lang='lat' dir='ltr'>pueritia.</span> <span class='ocrx_word' id='word_1_407' title='bbox 1073 1299 1155 1331; x_wconf 83' lang='lat' dir='ltr'>Vide</span> <span class='ocrx_word' id='word_1_408' title='bbox 1168 1300 1202 1330; x_wconf 82' lang='lat'>&amp;</span> <span class='ocrx_word' id='word_1_409' title='bbox 1220 1301 1370 1330; x_wconf 83' lang='lat' dir='ltr'>Senecam</span> <span class='ocrx_word' id='word_1_410' title='bbox 1385 1300 1543 1329; x_wconf 84' lang='lat' dir='ltr'>laudatum</span> <span class='ocrx_word' id='word_1_411' title='bbox 1558 1300 1608 1330; x_wconf 84' lang='lat' dir='ltr'>su-</span> 
     </span>
     <span class='ocr_line' id='line_1_64' title="bbox 929 1339 1608 1378; baseline 0.003 -10"><span class='ocrx_word' id='word_1_412' title='bbox 929 1340 981 1378; x_wconf 60' lang='lat' dir='ltr'>pra</span> <span class='ocrx_word' id='word_1_413' title='bbox 996 1350 1061 1378; x_wconf 76' lang='lat' dir='ltr'>cap.</span> <span class='ocrx_word' id='word_1_414' title='bbox 1081 1350 1127 1376; x_wconf 84' lang='lat'>13.</span> <span class='ocrx_word' id='word_1_415' title='bbox 1138 1348 1206 1370; x_wconf 84' lang='lat' dir='ltr'>not.</span> <span class='ocrx_word' id='word_1_416' title='bbox 1219 1350 1244 1376; x_wconf 82' lang='lat'>3.</span> <span class='ocrx_word' id='word_1_417' title='bbox 1260 1339 1350 1377; x_wconf 87' lang='lat' dir='ltr'>Apud</span> <span class='ocrx_word' id='word_1_418' title='bbox 1361 1340 1534 1369; x_wconf 84' lang='lat' dir='ltr'>Germanos</span> <span class='ocrx_word' id='word_1_419' title='bbox 1550 1349 1608 1370; x_wconf 83' lang='lat' dir='ltr'>au-</span> 
     </span>
     <span class='ocr_line' id='line_1_65' title="bbox 929 1378 1609 1418; baseline 0 -9"><span class='ocrx_word' id='word_1_420' title='bbox 929 1387 992 1409; x_wconf 91' lang='lat' dir='ltr'>tem</span> <span class='ocrx_word' id='word_1_421' title='bbox 1005 1403 1014 1415; x_wconf 97' lang='lat'>‚</span> <span class='ocrx_word' id='word_1_422' title='bbox 1037 1386 1070 1410; x_wconf 89' lang='lat' dir='ltr'>ut</span> <span class='ocrx_word' id='word_1_423' title='bbox 1089 1380 1124 1410; x_wconf 77' lang='grc' dir='ltr'>ὅ(</span> <span class='ocrx_word' id='word_1_424' title='bbox 1139 1379 1221 1418; x_wconf 81' lang='lat' dir='ltr'>apud</span> <span class='ocrx_word' id='word_1_425' title='bbox 1233 1378 1429 1408; x_wconf 81' lang='lat' dir='ltr'>Canadenscs</span> <span class='ocrx_word' id='word_1_426' title='bbox 1456 1379 1609 1409; x_wconf 87' lang='lat' dir='ltr'>existima-</span> 
     </span>
     <span class='ocr_line' id='line_1_66' title="bbox 929 1417 1607 1457; baseline 0 -9"><span class='ocrx_word' id='word_1_427' title='bbox 929 1418 1030 1448; x_wconf 88' lang='lat' dir='ltr'>verim</span> <span class='ocrx_word' id='word_1_428' title='bbox 1058 1429 1169 1457; x_wconf 84' lang='lat' dir='ltr'>pueros</span> <span class='ocrx_word' id='word_1_429' title='bbox 1184 1442 1193 1455; x_wconf 89' lang='lat'>‚</span> <span class='ocrx_word' id='word_1_430' title='bbox 1226 1428 1244 1448; x_wconf 83' lang='lat' dir='ltr'>a</span> <span class='ocrx_word' id='word_1_431' title='bbox 1268 1418 1346 1448; x_wconf 54' lang='lat' dir='ltr'>lac‘te</span> <span class='ocrx_word' id='word_1_432' title='bbox 1360 1418 1527 1456; x_wconf 83' lang='lat' dir='ltr'>depulsos,</span> <span class='ocrx_word' id='word_1_433' title='bbox 1550 1417 1607 1448; x_wconf 83' lang='lat' dir='ltr'>fibi</span> 
     </span>
     <span class='ocr_line' id='line_1_67' title="bbox 929 1457 1608 1497; baseline 0.001 -10"><span class='ocrx_word' id='word_1_434' title='bbox 929 1458 1051 1497; x_wconf 87' lang='lat' dir='ltr'>penitus</span> <span class='ocrx_word' id='word_1_435' title='bbox 1064 1458 1151 1488; x_wconf 67' lang='lat' dir='ltr'>fuiss&#39;e</span> <span class='ocrx_word' id='word_1_436' title='bbox 1166 1457 1341 1497; x_wconf 75' lang='lat' dir='ltr'>permissos,</span> <span class='ocrx_word' id='word_1_437' title='bbox 1361 1466 1395 1488; x_wconf 89' lang='lat' dir='ltr'>ut</span> <span class='ocrx_word' id='word_1_438' title='bbox 1407 1481 1416 1494; x_wconf 89' lang='lat'>,</span> <span class='ocrx_word' id='word_1_439' title='bbox 1433 1458 1540 1496; x_wconf 84' lang='lat' dir='ltr'>quales</span> <span class='ocrx_word' id='word_1_440' title='bbox 1554 1468 1608 1488; x_wconf 87' lang='lat' dir='ltr'>cos</span> 
     </span>
     <span class='ocr_line' id='line_1_68' title="bbox 929 1497 1609 1535; baseline 0.001 -9"><span class='ocrx_word' id='word_1_441' title='bbox 929 1506 1036 1529; x_wconf 85' lang='lat' dir='ltr'>natura</span> <span class='ocrx_word' id='word_1_442' title='bbox 1053 1497 1185 1528; x_wconf 80' lang='lat' dir='ltr'>finxerat</span> <span class='ocrx_word' id='word_1_443' title='bbox 1197 1521 1205 1535; x_wconf 91' lang='lat'>,</span> <span class='ocrx_word' id='word_1_444' title='bbox 1228 1497 1453 1527; x_wconf 83' lang='lat' dir='ltr'>adolescerent.</span> <span class='ocrx_word' id='word_1_445' title='bbox 1479 1497 1526 1527; x_wconf 90' lang='lat' dir='ltr'>De</span> <span class='ocrx_word' id='word_1_446' title='bbox 1544 1498 1609 1527; x_wconf 84' lang='lat' dir='ltr'>Ca-</span> 
     </span>
     <span class='ocr_line' id='line_1_69' title="bbox 929 1535 1609 1574; baseline 0 -7"><span class='ocrx_word' id='word_1_447' title='bbox 929 1536 1114 1568; x_wconf 82' lang='lat' dir='ltr'>nadenfibus</span> <span class='ocrx_word' id='word_1_448' title='bbox 1126 1537 1199 1567; x_wconf 89' lang='lat' dir='ltr'>vide</span> <span class='ocrx_word' id='word_1_449' title='bbox 1217 1537 1246 1566; x_wconf 88' lang='grc' dir='ltr'>Ρ.</span> <span class='ocrx_word' id='word_1_450' title='bbox 1263 1537 1300 1566; x_wconf 88' lang='lat' dir='ltr'>de</span> <span class='ocrx_word' id='word_1_451' title='bbox 1314 1535 1526 1574; x_wconf 76' lang='lat' dir='ltr'>Charlevoix‚</span> <span class='ocrx_word' id='word_1_452' title='bbox 1546 1536 1609 1567; x_wconf 81' lang='lat' dir='ltr'>loc.</span> 
     </span>
     <span class='ocr_line' id='line_1_70' title="bbox 929 1576 1367 1615; baseline -0.005 -8"><span class='ocrx_word' id='word_1_453' title='bbox 929 1576 982 1607; x_wconf 91' lang='lat' dir='ltr'>cit.</span> <span class='ocrx_word' id='word_1_454' title='bbox 1006 1576 1101 1606; x_wconf 72' lang='lat' dir='ltr'>Lettre</span> <span class='ocrx_word' id='word_1_455' title='bbox 1114 1577 1196 1607; x_wconf 86' lang='lat' dir='ltr'>XIX.</span> <span class='ocrx_word' id='word_1_456' title='bbox 1212 1586 1280 1615; x_wconf 82' lang='lat' dir='ltr'>pag.</span> <span class='ocrx_word' id='word_1_457' title='bbox 1296 1578 1367 1606; x_wconf 74' lang='lat'>288.</span> 
     </span>
    </p>

    <p class='ocr_par' dir='ltr' id='par_1_7' title="bbox 930 1614 1610 1813">
     <span class='ocr_line' id='line_1_71' title="bbox 971 1614 1610 1654; baseline -0.003 -8"><span class='ocrx_word' id='word_1_458' title='bbox 971 1622 979 1643; x_wconf 84' lang='lat'>5</span> <span class='ocrx_word' id='word_1_459' title='bbox 1004 1618 1162 1646; x_wconf 63' lang='lat' dir='ltr'>Uaramus</span> <span class='ocrx_word' id='word_1_460' title='bbox 1186 1619 1293 1650; x_wconf 78' lang='grc' dir='ltr'>Αιιτ]</span> <span class='ocrx_word' id='word_1_461' title='bbox 1322 1614 1491 1654; x_wconf 86' lang='lat' dir='ltr'>Hodieque</span> <span class='ocrx_word' id='word_1_462' title='bbox 1527 1614 1610 1653; x_wconf 83' lang='lat' dir='ltr'>apud</span> 
     </span>
     <span class='ocr_line' id='line_1_72' title="bbox 930 1653 1610 1695; baseline -0.004 -9"><span class='ocrx_word' id='word_1_463' title='bbox 930 1656 1126 1687; x_wconf 86' lang='lat' dir='ltr'>Canadenses</span> <span class='ocrx_word' id='word_1_464' title='bbox 1141 1655 1276 1695; x_wconf 87' lang='lat' dir='ltr'>populos</span> <span class='ocrx_word' id='word_1_465' title='bbox 1295 1653 1346 1684; x_wconf 83' lang='lat' dir='ltr'>sua</span> <span class='ocrx_word' id='word_1_466' title='bbox 1368 1664 1526 1693; x_wconf 86' lang='lat' dir='ltr'>quemque</span> <span class='ocrx_word' id='word_1_467' title='bbox 1542 1665 1610 1684; x_wconf 83' lang='lat' dir='ltr'>ma-</span> 
     </span>
     <span class='ocr_line' id='line_1_73' title="bbox 930 1693 1610 1735; baseline -0.004 -9"><span class='ocrx_word' id='word_1_468' title='bbox 930 1704 977 1726; x_wconf 86' lang='lat' dir='ltr'>ter</span> <span class='ocrx_word' id='word_1_469' title='bbox 1000 1707 1053 1735; x_wconf 87' lang='lat' dir='ltr'>per</span> <span class='ocrx_word' id='word_1_470' title='bbox 1066 1704 1125 1727; x_wconf 84' lang='lat' dir='ltr'>tres</span> <span class='ocrx_word' id='word_1_471' title='bbox 1149 1705 1248 1726; x_wconf 80' lang='lat' dir='ltr'>annos</span> <span class='ocrx_word' id='word_1_472' title='bbox 1269 1694 1333 1724; x_wconf 80' lang='lat' dir='ltr'>alit.</span> <span class='ocrx_word' id='word_1_473' title='bbox 1359 1694 1436 1724; x_wconf 90' lang='lat' dir='ltr'>Inde</span> <span class='ocrx_word' id='word_1_474' title='bbox 1458 1693 1489 1723; x_wconf 90' lang='lat' dir='ltr'>hi</span> <span class='ocrx_word' id='word_1_475' title='bbox 1507 1702 1610 1730; x_wconf 81' lang='lat' dir='ltr'>artus,</span> 
     </span>
     <span class='ocr_line' id='line_1_74' title="bbox 930 1733 1610 1775; baseline -0.004 -10"><span class='ocrx_word' id='word_1_476' title='bbox 930 1736 1098 1775; x_wconf 80' lang='lat' dir='ltr'>validaque</span> <span class='ocrx_word' id='word_1_477' title='bbox 1114 1745 1256 1773; x_wconf 80' lang='lat' dir='ltr'>corpora.</span> <span class='ocrx_word' id='word_1_478' title='bbox 1270 1735 1300 1764; x_wconf 90' lang='lat' dir='ltr'>P.</span> <span class='ocrx_word' id='word_1_479' title='bbox 1314 1733 1509 1764; x_wconf 81' lang='lat' dir='ltr'>Charlevoix</span> <span class='ocrx_word' id='word_1_480' title='bbox 1519 1755 1530 1770; x_wconf 85' lang='lat'><strong>,</strong></span> <span class='ocrx_word' id='word_1_481' title='bbox 1547 1733 1610 1763; x_wconf 89' lang='lat' dir='ltr'>loc.</span> 
     </span>
     <span class='ocr_line' id='line_1_75' title="bbox 931 1775 1378 1813; baseline -0.007 -7"><span class='ocrx_word' id='word_1_482' title='bbox 931 1775 983 1806; x_wconf 86' lang='lat' dir='ltr'>cit.</span> <span class='ocrx_word' id='word_1_483' title='bbox 1001 1775 1097 1804; x_wconf 79' lang='lat' dir='ltr'>Lettre</span> <span class='ocrx_word' id='word_1_484' title='bbox 1115 1776 1199 1805; x_wconf 85' lang='lat' dir='ltr'>XIX.</span> <span class='ocrx_word' id='word_1_485' title='bbox 1219 1783 1286 1813; x_wconf 64' lang='lat' dir='ltr'>pag.</span> <span class='ocrx_word' id='word_1_486' title='bbox 1307 1775 1378 1804; x_wconf 87' lang='lat'><em>288.</em></span> 
     </span>
    </p>

    <p class='ocr_par' dir='ltr' id='par_1_8' title="bbox 930 1812 1612 2004">
     <span class='ocr_line' id='line_1_76' title="bbox 970 1812 1610 1848; baseline -0.005 -3"><span class='ocrx_word' id='word_1_487' title='bbox 970 1816 983 1834; x_wconf 82' lang='lat'><strong><em>⁶</em></strong></span> <span class='ocrx_word' id='word_1_488' title='bbox 1006 1817 1156 1845; x_wconf 66' lang='lat' dir='ltr'>Auernis</span> <span class='ocrx_word' id='word_1_489' title='bbox 1181 1826 1219 1844; x_wconf 69' lang='lat' dir='ltr'>Ac</span> <span class='ocrx_word' id='word_1_490' title='bbox 1238 1823 1423 1844; x_wconf 57' lang='lat' dir='ltr'>amrmemus</span> <span class='ocrx_word' id='word_1_491' title='bbox 1437 1812 1450 1848; x_wconf 96' lang='lat'>]</span> <span class='ocrx_word' id='word_1_492' title='bbox 1466 1813 1610 1842; x_wconf 73' lang='lat' dir='ltr'>Romana</span> 
     </span>
     <span class='ocr_line' id='line_1_77' title="bbox 930 1851 1610 1895; baseline -0.007 -11"><span class='ocrx_word' id='word_1_493' title='bbox 930 1854 1083 1885; x_wconf 80' lang='lat' dir='ltr'>institutio</span> <span class='ocrx_word' id='word_1_494' title='bbox 1097 1854 1256 1893; x_wconf 84' lang='lat' dir='ltr'>virtusque</span> <span class='ocrx_word' id='word_1_495' title='bbox 1273 1852 1383 1891; x_wconf 81' lang='lat' dir='ltr'>periit,</span> <span class='ocrx_word' id='word_1_496' title='bbox 1405 1851 1460 1881; x_wconf 87' lang='lat' dir='ltr'>ubi</span> <span class='ocrx_word' id='word_1_497' title='bbox 1475 1851 1610 1895; x_wconf 61' lang='lat' dir='ltr'>primurn</span> 
     </span>
     <span class='ocr_line' id='line_1_78' title="bbox 930 1891 1611 1924; baseline -0.007 0"><span class='ocrx_word' id='word_1_498' title='bbox 930 1895 996 1924; x_wconf 86' lang='lat' dir='ltr'>nati</span> <span class='ocrx_word' id='word_1_499' title='bbox 1015 1894 1149 1924; x_wconf 84' lang='lat' dir='ltr'>infantes</span> <span class='ocrx_word' id='word_1_500' title='bbox 1168 1891 1316 1924; x_wconf 53' lang='lat' dir='ltr'>Graeculis</span> <span class='ocrx_word' id='word_1_501' title='bbox 1339 1891 1461 1921; x_wconf 82' lang='lat' dir='ltr'>ancillis</span> <span class='ocrx_word' id='word_1_502' title='bbox 1482 1899 1611 1920; x_wconf 81' lang='lat' dir='ltr'>nutrici-</span> 
     </span>
     <span class='ocr_line' id='line_1_79' title="bbox 930 1930 1612 1973; baseline -0.004 -10"><span class='ocrx_word' id='word_1_503' title='bbox 930 1933 1047 1973; x_wconf 86' lang='lat' dir='ltr'>busque</span> <span class='ocrx_word' id='word_1_504' title='bbox 1069 1933 1213 1973; x_wconf 81' lang='lat' dir='ltr'>delegati.</span> <span class='ocrx_word' id='word_1_505' title='bbox 1228 1932 1308 1964; x_wconf 83' lang='lat' dir='ltr'>Vide</span> <span class='ocrx_word' id='word_1_506' title='bbox 1327 1930 1409 1961; x_wconf 80' lang='lat' dir='ltr'>infra</span> <span class='ocrx_word' id='word_1_507' title='bbox 1430 1930 1556 1969; x_wconf 80' lang='lat' dir='ltr'>Dialog.</span> <span class='ocrx_word' id='word_1_508' title='bbox 1573 1930 1612 1961; x_wconf 88' lang='lat' dir='ltr'>de</span> 
     </span>
     <span class='ocr_line' id='line_1_80' title="bbox 931 1974 1154 2004; baseline -0.009 0"><span class='ocrx_word' id='word_1_509' title='bbox 931 1975 1017 2004; x_wconf 82' lang='lat' dir='ltr'>Orat.</span> <span class='ocrx_word' id='word_1_510' title='bbox 1040 1974 1154 2004; x_wconf 85' lang='lat' dir='ltr'>XXIX.</span> 
     </span>
    </p>

    <p class='ocr_par' dir='ltr' id='par_1_9' title="bbox 930 2009 1612 2092">
     <span class='ocr_line' id='line_1_81' title="bbox 971 2009 1612 2046; baseline -0.006 -4"><span class='ocrx_word' id='word_1_511' title='bbox 971 2019 984 2039; x_wconf 94' lang='lat'>7</span> <span class='ocrx_word' id='word_1_512' title='bbox 1007 2014 1104 2044; x_wconf 76' lang='lat' dir='ltr'>INTER</span> <span class='ocrx_word' id='word_1_513' title='bbox 1129 2022 1237 2042; x_wconf 69' lang='lat' dir='ltr'><strong>EADEM</strong></span> <span class='ocrx_word' id='word_1_514' title='bbox 1260 2021 1380 2041; x_wconf 59' lang='lat' dir='ltr'>Paeona</span> <span class='ocrx_word' id='word_1_515' title='bbox 1404 2009 1419 2046; x_wconf 98' lang='lat'>]</span> <span class='ocrx_word' id='word_1_516' title='bbox 1454 2009 1513 2040; x_wconf 83' lang='lat' dir='ltr'>Hic</span> <span class='ocrx_word' id='word_1_517' title='bbox 1542 2018 1612 2039; x_wconf 81' lang='lat' dir='ltr'>mos</span> 
     </span>
     <span class='ocr_line' id='line_1_82' title="bbox 930 2049 1596 2092; baseline -0.011 -9"><span class='ocrx_word' id='word_1_518' title='bbox 930 2053 1078 2083; x_wconf 81' lang='lat' dir='ltr'>barbaris.</span> <span class='ocrx_word' id='word_1_519' title='bbox 1097 2052 1178 2083; x_wconf 88' lang='lat' dir='ltr'>Vide</span> <span class='ocrx_word' id='word_1_520' title='bbox 1194 2051 1279 2089; x_wconf 63' lang='lat' dir='ltr'>supra</span> <span class='ocrx_word' id='word_1_521' title='bbox 1298 2049 1411 2080; x_wconf 78' lang='lat' dir='ltr'>Annal.</span> <span class='ocrx_word' id='word_1_522' title='bbox 1430 2050 1473 2092; x_wconf 76' lang='lat' dir='ltr'>IV</span> <span class='ocrx_word' id='word_1_523' title='bbox 1486 2072 1494 2085; x_wconf 94' lang='lat'><strong>‚</strong></span> <span class='ocrx_word' id='word_1_524' title='bbox 1519 2059 1571 2085; x_wconf 84' lang='lat'>49.</span> <span class='ocrx_word' id='word_1_525' title='bbox 1589 2086 1596 2091; x_wconf 92' lang='lat'>.</span> 
     </span>
    </p>

    <p class='ocr_par' dir='ltr' id='par_1_10' title="bbox 932 2089 1613 2444">
     <span class='ocr_line' id='line_1_83' title="bbox 972 2089 1611 2126; baseline -0.009 -4"><span class='ocrx_word' id='word_1_526' title='bbox 972 2092 984 2111; x_wconf 67' lang='lat'>⁸</span> <span class='ocrx_word' id='word_1_527' title='bbox 1007 2093 1117 2122; x_wconf 66' lang='lat' dir='ltr'>Dour-:c</span> <span class='ocrx_word' id='word_1_528' title='bbox 1141 2101 1220 2122; x_wconf 70' lang='lat' dir='ltr'><strong>AETAs</strong></span> <span class='ocrx_word' id='word_1_529' title='bbox 1238 2094 1248 2124; x_wconf 88' lang='lat'>]</span> <span class='ocrx_word' id='word_1_530' title='bbox 1262 2089 1319 2119; x_wconf 88' lang='lat' dir='ltr'>Illa</span> <span class='ocrx_word' id='word_1_531' title='bbox 1333 2097 1402 2119; x_wconf 81' lang='lat' dir='ltr'>aetas</span> <span class='ocrx_word' id='word_1_532' title='bbox 1416 2090 1551 2126; x_wconf 77' lang='lat' dir='ltr'>primum</span> <span class='ocrx_word' id='word_1_533' title='bbox 1565 2097 1611 2117; x_wconf 83' lang='lat' dir='ltr'>vi-</span> 
     </span>
     <span class='ocr_line' id='line_1_84' title="bbox 933 2127 1611 2162; baseline -0.006 -2"><span class='ocrx_word' id='word_1_534' title='bbox 933 2131 1021 2162; x_wconf 86' lang='lat' dir='ltr'>detur</span> <span class='ocrx_word' id='word_1_535' title='bbox 1050 2129 1138 2161; x_wconf 79' lang='lat' dir='ltr'>fuiffe</span> <span class='ocrx_word' id='word_1_536' title='bbox 1164 2140 1261 2161; x_wconf 87' lang='lat' dir='ltr'>annus</span> <span class='ocrx_word' id='word_1_537' title='bbox 1283 2127 1498 2159; x_wconf 75' lang='lat' dir='ltr'>duodecimus.</span> <span class='ocrx_word' id='word_1_538' title='bbox 1520 2127 1611 2156; x_wconf 87' lang='lat' dir='ltr'>Tunc</span> 
     </span>
     <span class='ocr_line' id='line_1_85' title="bbox 933 2167 1612 2209; baseline -0.009 -8"><span class='ocrx_word' id='word_1_539' title='bbox 933 2171 1018 2201; x_wconf 86' lang='lat' dir='ltr'>enim</span> <span class='ocrx_word' id='word_1_540' title='bbox 1033 2180 1107 2209; x_wconf 89' lang='lat' dir='ltr'>puer</span> <span class='ocrx_word' id='word_1_541' title='bbox 1127 2170 1247 2209; x_wconf 80' lang='lat' dir='ltr'>legibus</span> <span class='ocrx_word' id='word_1_542' title='bbox 1267 2167 1444 2201; x_wconf 79' lang='lat' dir='ltr'>obnoxius,</span> <span class='ocrx_word' id='word_1_543' title='bbox 1466 2175 1500 2197; x_wconf 87' lang='lat' dir='ltr'>ut</span> <span class='ocrx_word' id='word_1_544' title='bbox 1528 2173 1612 2205; x_wconf 76' lang='lat' dir='ltr'>patet</span> 
     </span>
     <span class='ocr_line' id='line_1_86' title="bbox 932 2205 1612 2248; baseline -0.012 -7"><span class='ocrx_word' id='word_1_545' title='bbox 932 2221 971 2240; x_wconf 79' lang='lat' dir='ltr'>ex</span> <span class='ocrx_word' id='word_1_546' title='bbox 991 2211 1077 2248; x_wconf 84' lang='lat' dir='ltr'>Lege</span> <span class='ocrx_word' id='word_1_547' title='bbox 1096 2209 1216 2246; x_wconf 61' lang='lat' dir='ltr'>Salicd,</span> <span class='ocrx_word' id='word_1_548' title='bbox 1237 2207 1302 2238; x_wconf 81' lang='lat' dir='ltr'>Tit.</span> <span class='ocrx_word' id='word_1_549' title='bbox 1328 2207 1469 2239; x_wconf 88' lang='lat' dir='ltr'>XXVIII.</span> <span class='ocrx_word' id='word_1_550' title='bbox 1493 2205 1525 2234; x_wconf 86' lang='lat' dir='ltr'>de</span> <span class='ocrx_word' id='word_1_551' title='bbox 1551 2205 1612 2234; x_wconf 78' lang='lat' dir='ltr'>Ho-</span> 
     </span>
     <span class='ocr_line' id='line_1_87' title="bbox 933 2245 1612 2286; baseline -0.01 -8"><span class='ocrx_word' id='word_1_552' title='bbox 933 2249 1053 2279; x_wconf 77' lang='lat' dir='ltr'>micidiis</span> <span class='ocrx_word' id='word_1_553' title='bbox 1069 2248 1253 2286; x_wconf 75' lang='lat' dir='ltr'>parvulorum.</span> <span class='ocrx_word' id='word_1_554' title='bbox 1278 2248 1355 2286; x_wconf 86' lang='lat' dir='ltr'>Leg.</span> <span class='ocrx_word' id='word_1_555' title='bbox 1375 2250 1404 2277; x_wconf 88' lang='lat'>6.</span> <span class='ocrx_word' id='word_1_556' title='bbox 1423 2245 1457 2275; x_wconf 83' lang='lat' dir='ltr'>Si</span> <span class='ocrx_word' id='word_1_557' title='bbox 1471 2246 1531 2284; x_wconf 86' lang='lat' dir='ltr'>quis</span> <span class='ocrx_word' id='word_1_558' title='bbox 1543 2254 1612 2281; x_wconf 75' lang='lat' dir='ltr'>puer</span> 
     </span>
     <span class='ocr_line' id='line_1_88' title="bbox 933 2284 1611 2325; baseline -0.01 -7"><span class='ocrx_word' id='word_1_559' title='bbox 933 2288 1009 2325; x_wconf 78' lang='lat' dir='ltr'>infrd</span> <span class='ocrx_word' id='word_1_560' title='bbox 1033 2288 1173 2318; x_wconf 82' lang='lat' dir='ltr'>duodecim</span> <span class='ocrx_word' id='word_1_561' title='bbox 1201 2297 1334 2316; x_wconf 84' lang='lat' dir='ltr'>annorum</span> <span class='ocrx_word' id='word_1_562' title='bbox 1360 2286 1479 2325; x_wconf 83' lang='lat' dir='ltr'>aliquam</span> <span class='ocrx_word' id='word_1_563' title='bbox 1506 2284 1611 2321; x_wconf 67' lang='lat' dir='ltr'>culpam</span> 
     </span>
     <span class='ocr_line' id='line_1_89' title="bbox 935 2324 1611 2368; baseline -0.009 -11"><span class='ocrx_word' id='word_1_564' title='bbox 935 2328 1093 2368; x_wconf 74' lang='lat' dir='ltr'>commiserit</span> <span class='ocrx_word' id='word_1_565' title='bbox 1107 2350 1117 2364; x_wconf 89' lang='lat'>‚</span> <span class='ocrx_word' id='word_1_566' title='bbox 1141 2327 1241 2364; x_wconf 78' lang='lat' dir='ltr'>fredus</span> <span class='ocrx_word' id='word_1_567' title='bbox 1265 2327 1289 2356; x_wconf 80' lang='lat' dir='ltr'>ei</span> <span class='ocrx_word' id='word_1_568' title='bbox 1305 2336 1358 2355; x_wconf 83' lang='lat' dir='ltr'>non</span> <span class='ocrx_word' id='word_1_569' title='bbox 1377 2326 1541 2364; x_wconf 75' lang='lat' dir='ltr'>requiratur.</span> <span class='ocrx_word' id='word_1_570' title='bbox 1563 2324 1611 2367; x_wconf 72' lang='lat' dir='ltr'>De</span> 
     </span>
     <span class='ocr_line' id='line_1_90' title="bbox 934 2363 1613 2407; baseline -0.013 -8"><span class='ocrx_word' id='word_1_571' title='bbox 934 2368 1023 2399; x_wconf 86' lang='lat' dir='ltr'>fredo</span> <span class='ocrx_word' id='word_1_572' title='bbox 1037 2368 1152 2398; x_wconf 61' lang='lat' dir='ltr'>dierum</span> <span class='ocrx_word' id='word_1_573' title='bbox 1161 2367 1246 2406; x_wconf 66' lang='lat' dir='ltr'>supra</span> <span class='ocrx_word' id='word_1_574' title='bbox 1258 2376 1326 2405; x_wconf 81' lang='lat' dir='ltr'>pag.</span> <span class='ocrx_word' id='word_1_575' title='bbox 1339 2377 1390 2396; x_wconf 84' lang='lat'>22.</span> <span class='ocrx_word' id='word_1_576' title='bbox 1406 2363 1613 2407; x_wconf 80' lang='lat' dir='ltr'>not.1.I)e1n-</span> 
     </span>
     <span class='ocr_line' id='line_1_91' title="bbox 934 2403 1612 2444; baseline -0.009 -5"><span class='ocrx_word' id='word_1_577' title='bbox 934 2409 972 2440; x_wconf 90' lang='lat' dir='ltr'>de</span> <span class='ocrx_word' id='word_1_578' title='bbox 990 2408 1044 2440; x_wconf 83' lang='lat' dir='ltr'>illa</span> <span class='ocrx_word' id='word_1_579' title='bbox 1055 2416 1124 2441; x_wconf 79' lang='lat' dir='ltr'>aetas</span> <span class='ocrx_word' id='word_1_580' title='bbox 1137 2407 1196 2439; x_wconf 76' lang='lat' dir='ltr'>fuit</span> <span class='ocrx_word' id='word_1_581' title='bbox 1220 2416 1318 2438; x_wconf 76' lang='lat' dir='ltr'>annus</span> <span class='ocrx_word' id='word_1_582' title='bbox 1335 2403 1612 2444; x_wconf 62' lang='lat' dir='ltr'>quintusdecxmm»,</span> 
     </span>
    </p>
   </div>
  </div>
 </body>
</html>
