1952 2708
112 779 161 805 10

113 1094 159 1133 15

107 1407 164 1433 20

111 1721 163 1759 25

415 122 625 165 LIBRI
670 121 860 163 NONI
904 119 1316 164 ANNALIUM.
1484 123 1568 170 385

189 219 279 245 eum
305 203 482 244 Romani
510 202 701 242 sermonis
739 200 883 240 *rudem
919 201 994 240 effe
1030 202 1258 256 indignatus
1298 201 1377 250 est,
1410 198 1575 254 jureque

190 266 362 307 civitatis
383 265 554 320 privavit
573 281 581 304 :
604 265 779 319 semper,
800 265 858 303 uti
879 262 1061 303 adsolent
1084 265 1325 318 impotentes
1342 265 1545 319 Principes
1561 293 1572 313 ,

186 329 376 369 indecora
398 329 500 368 inter
523 332 562 368 ὅ(
584 327 730 369 decora
754 326 975 381 ambiguus.
997 328 1104 366 Nam
1132 325 1244 365 simul
1261 355 1274 376 ,
1301 327 1453 380 iniquas
1473 327 1574 381 gras-

188 390 299 432 sandi
326 404 426 431 artes
453 391 622 440 exosus,
656 405 706 430 ne
740 388 1088 431 criminationibus
1116 390 1266 429 civium
1292 389 1573 429 Romanorum

188 451 247 506 jus
277 452 496 494 violaretur
523 452 683 494 vetabat
702 459 744 500 ¹3
781 451 893 492 simul
917 451 1117 492 leviffimis
1148 451 1196 491 de
1233 451 1353 491 causis
1382 450 1443 504 jus
1472 451 1574 492 illud

188 515 255 556 vel
291 517 373 572 ipse
412 516 637 567 adimebat,
668 515 734 557 vel
773 517 826 557 ita
855 513 1002 567 abjecte
1045 512 1276 570 publicabat
1309 530 1331 550 <c
1358 528 1401 554 ut
1437 515 1574 556 vitreis

187 579 347 620 »fratris
371 579 512 621 venale
535 584 548 601 ²
568 598 588 617 »
617 579 829 620 diceretur.
851 577 1010 630 Majore
1037 577 1167 617 adhuc
1188 575 1351 616 licenti&
1366 605 1377 625 ,
1407 580 1445 616 ὃς
1473 592 1574 630 quo-

187 644 247 682 vis
286 644 415 698 pretio
457 643 562 699 apud
595 641 849 683 Mess‘alinam
877 645 916 682 ὅς
954 640 1119 681 libertos
1160 638 1369 696 prostabat.
1408 640 1476 679 Sic
1502 655 1572 680 no-

186 719 307 755 men,
336 704 481 759 quanta
499 721 591 747 cum
617 706 774 761 imperii
801 704 973 746 utilitate
989 734 1002 754 ,
1034 701 1142 745 tanta
1156 702 1272 743 Urbis
1298 701 1442 751 laude,
1480 717 1572 743 cum

188 769 498 824 praestantissimis
523 773 564 810 &c
591 767 892 825 opulentissimis
918 781 1142 808 exterarum
1164 768 1376 821 regionum
1402 765 1495 805 viris
1515 765 1573 805 sa-

188 833 343 886 pienter
367 848 387 873 a
418 830 632 884 majoribus
662 833 1031 880 communicatum,
1061 831 1187 885 coepit
1215 827 1443 870 evilescere.

252 894 448 936 XLVII.
483 897 590 936 NEC
612 893 822 935 Messalina
842 895 902 934 his
926 891 1230 949 praedationibus
1257 903 1473 937 contenta3
1504 889 1572 930 sed

188 956 473 998 dominationis
505 958 723 1014 cupidine,
757 955 832 1012 quei
866 955 977 997 nulla
1003 958 1042 996 in
1075 956 1232 996 feminis
1263 957 1418 1004 acrior,
1448 955 1574 1008 magis

189 1021 384 1071 accensa,
413 1022 569 1077 imperii
606 1022 770 1070 munia,
805 1018 1122 1076 conspirantibus
1153 1018 1330 1067 libertis,
1359 1019 1400 1057 in
1427 1015 1465 1056 se
1494 1029 1576 1057 tra-

189 1083 284 1124 here
314 1088 325 1112 ³
355 1101 363 1124 :
395 1086 671 1133 exercituum,
705 1085 1002 1140 provinciarum
1034 1082 1275 1138 praefe&uras
1301 1080 1473 1121 vendere
1497 1096 1504 1118 ε
1532 1081 1574 1119 in

191 1145 275 1186 tot&
293 1146 497 1202 republica
519 1161 599 1188 tam
620 1145 883 1188 inclementer
906 1147 1142 1195 aufflonari,
1164 1159 1229 1195 ut,
1254 1147 1345 1185 cum
1371 1158 1420 1184 ne
1443 1157 1576 1183 emen-

192 1208 232 1248 di
259 1210 417 1263 quidem
438 1211 650 1266 superesset
672 1209 839 1250 facultas
854 1240 866 1259 ,
889 1208 1081 1250 Claudius
1105 1207 1299 1264 populum
1324 1209 1365 1246 in
1388 1219 1575 1261 campum

190 1270 386 1312 Martium
409 1275 610 1328 coegerit,
630 1273 763 1326 ibique
786 1288 915 1313 rerum
939 1273 1063 1328 pretia
1087 1272 1287 1316 statuerit3
1313 1269 1479 1326 publico
1501 1269 1573 1308 suo

192 1333 389 1376 dedecore
403 1365 415 1385 ,
438 1338 692 1389 maximoque
713 1335 925 1375 libidinum
947 1336 1232 1383 incitamento,
1254 1349 1336 1387 quae
1358 1347 1575 1385 numquam

190 1396 362 1438 ferocius
391 1400 554 1453 vigent,
583 1398 700 1452 quam
725 1402 817 1439 cum
842 1397 1092 1439 mollioribus
1121 1397 1304 1437 remediis
1332 1396 1511 1435 inritatoe.

252 1461 477 1503 XLVIII.
511 1463 640 1503 POST
668 1463 752 1502 haec
781 1463 887 1502 enim
915 1463 1041 1516 coepit
1068 1459 1278 1501 Messalina
1304 1457 1405 1498 nihil
1432 1457 1575 1498 mode-

191 1524 265 1562 rati
295 1523 465 1572 habere3
497 1540 572 1566 nec
599 1523 678 1576 jam
705 1523 934 1565 libidinibus
954 1553 967 1575 ,
1005 1524 1070 1564 sed
1100 1522 1312 1564 sceleribus
1341 1535 1492 1562 certare
1520 1524 1537 1548 4
1564 1537 1573 1559 ε

195 1585 388 1640 dignitate
414 1588 463 1629 ad
486 1589 691 1629 audaciam
717 1586 826 1627 abuti
848 1605 855 1627 ε
883 1588 1118 1643 pudicitiam
1144 1584 1368 1642 publicare:
1386 1581 1575 1624 nobilissi-

192 1663 279 1689 mos
300 1651 475 1705 quosque
490 1653 595 1692 viros
618 1666 664 1691 ac
681 1650 847 1691 feminas
865 1650 1179 1706 advoluptatum
1193 1649 1362 1689 monstra
1383 1661 1575 1702 provoca-

192 1726 234 1752 re
261 1729 268 1752 :
294 1713 321 1751 fi
353 1714 620 1764 adsenserint,
648 1715 842 1768 gratiam3
882 1714 908 1752 fi
939 1713 1212 1762 dissenserint,
1242 1711 1334 1752 odia
1365 1709 1575 1750 dividere:

192 1773 406 1816 Claudium
435 1776 749 1833 speciaculorum
777 1775 987 1816 inlecebris
1015 1775 1209 1815 ludificari
1236 1792 1243 1814 z
1272 1788 1363 1814 eum
1390 1770 1577 1813 muliebri

194 1836 394 1880 famulitio
418 1841 471 1881 ita
497 1842 658 1898 cingere
674 1869 687 1891 ,
715 1854 760 1880 ut
781 1869 794 1890 ,
819 1840 914 1880 dum
934 1841 1017 1880 haec
1047 1840 1223 1894 stupente
1259 1841 1300 1878 ὃς
1338 1835 1576 1890 indignante

235 1974 243 1988 ¹
267 1972 417 2001 VETABAT
436 1975 448 2005 ]
470 1971 619 2002 Coercuit
650 1972 733 2002 enim
755 1996 762 2007 ‚
791 1972 863 2003 teste
901 1971 940 2000 ’ὃτι
958 1971 1004 1999 κῖεν
1020 1970 1108 1999 ὁίιλινά
1118 1983 1156 2000 τις
1175 1969 1247 2000 σκεῦη
1256 1966 1445 2006 συντετριμμένοι
1459 1965 1496 2003 δᾷ
1512 1978 1578 2001 τινι,

193 2008 299 2052 Dione
320 2009 382 2040 loc.
400 2009 453 2040 cit.
475 2011 648 2041 delatorum
667 2012 837 2050 nequitiam
855 2035 863 2047 ,

195 2058 248 2086 qm
269 2048 410 2078 homines
421 2049 459 2078 ab
478 2050 541 2088 ipso
558 2051 691 2080 donatos
709 2052 773 2087 jure
789 2051 864 2080 civi-

194 2087 266 2116 tatis
283 2089 472 2126 arguebant,
491 2090 576 2126 quod
602 2090 727 2119 Claudii
748 2100 865 2120 nomen

192 2135 257 2155 non
271 2126 462 2166 usurparent,
477 2128 722 2167 testamentoque
741 2128 817 2158 nihil
837 2128 865 2158 ei

195 2165 343 2209 legarent.
361 2167 419 2196 Sed
432 2165 518 2196 simul
532 2168 564 2197 ὃ(
581 2167 623 2196 isti
637 2167 738 2206 Lycio
751 2169 785 2198 ὅτ,
797 2167 865 2197 aliis

194 2204 332 2242 plurimis
350 2205 469 2235 civibus
498 2206 646 2236 Romanis
666 2206 819 2237 immitem
837 2207 866 2236 se

195 2244 364 2280 praestabat,
379 2245 412 2274 &
425 2245 579 2275 immerito
594 2247 639 2283 jus
653 2246 788 2276 civitatis
804 2245 867 2276 adi-

195 2283 316 2319 mebat,
335 2291 369 2313 ut
390 2284 532 2314 observat
553 2284 670 2315 ibidem
693 2285 766 2315 Dio.

232 2325 246 2338 ²
270 2323 398 2354 VENALE
414 2323 426 2358 ]
449 2323 511 2353 Dio
525 2347 534 2359 ,
556 2324 618 2354 loc.
637 2324 690 2354 cit.
703 2325 803 2356 Ὅυτως
820 2325 866 2354 ‹Lm-‘0

197 2360 315 2398 εὖχερέοις
332 2361 472 2394 ἐπευωνίῶη
487 2385 495 2397 ,
523 2363 567 2395 clife
588 2363 629 2402 ,φή
652 2368 840 2403 λσγοποιηθῖνοᾳ
857 2387 867 2402 ‚

296 2410 418 2460 Tom.
443 2412 476 2461 I
477 2414 538 2464 V.

903 2004 1011 2042 πολέα-ἠς
1031 2010 1091 2046 ’ές-«4.
1117 2008 1160 2037 Oh
1184 2006 1302 2044 parandi
1324 2006 1491 2044 facilitatem
1508 2004 1576 2032 adeo·

902 2049 955 2078 vile
966 2049 1068 2085 jlzc'lum
1090 2048 1124 2087 est
1142 2049 1187 2085 jus
1203 2046 1339 2077 civitatis
1358 2047 1505 2076 Romanae
1517 2066 1531 2086 ‚b
1548 2051 1579 2072 ut

903 2088 982 2125 vulg&
1001 2086 1251 2125 jafiarumfioerit,
1277 2085 1379 2124 etiamst
1406 2083 1465 2122 quis
1493 2082 1579 2110 alicui

904 2125 967 2165 vafiz
981 2127 1069 2156 vitrea
1086 2125 1222 2162 6014)·αέῑά
1239 2124 1363 2164 dediffec,
1381 2124 1464 2153 civem
1474 2121 1577 2150 Roma-

904 2177 966 2194 num
978 2165 1049 2202 sore,

945 2211 954 2231 3
978 2207 1011 2234 IN
1034 2217 1066 2235 sn
1088 2204 1267 2240 TRAHERE]
1291 2204 1327 2232 In
1343 2201 1388 2231 his
1411 2199 1577 2230 Messalinae

905 2244 1024 2284 probris
1037 2243 1228 2275 recensendis
1239 2242 1353 2272 multus
1365 2240 1404 2272 est
1414 2239 1493 2276 Dio,
1507 2239 1576 2268 LX.

906 2294 972 2323 pag.
993 2288 1051 2322 676
1071 2286 1104 2314 ὅς
1119 2287 1190 2321 677.

936 2328 951 2346 4
980 2325 1169 2353 SCELERIBUS
1200 2331 1345 2351 cE-RTARE
1368 2321 1397 2362 ]”
1416 2316 1579 2348 Horrenda.

906 2362 1075 2395 libidinum
1086 2362 1119 2394 δί
1133 2361 1280 2394 sceletum
1290 2359 1440 2388 meretricis
1450 2354 1581 2394 Augustae

1272 2415 1379 2456 Ccc

1593 218 1708 233 ΞΣΞ

1593 251 1622 274 A.
1635 251 1665 274 υ.
1677 250 1708 274 c.

1613 298 1686 335 796·

1616 349 1639 372 J.
1651 348 1679 372 C.

1624 404 1676 433 43-
