1952 2708
73 1103 119 1142 ¹5
150 1096 365 1146 oriundus,
395 1095 606 1153 Bosphoro
629 1097 845 1138 donaretur

374 134 589 175 LIBRI
634 134 825 174 ΝΟΝΙ
865 132 1296 176 ANNALIUM.
1444 137 1529 183 363

147 214 241 256 dum
281 229 408 267 neque
447 214 613 254 saueius
648 212 747 263 fibi,
789 227 920 266 neque
958 213 1132 254 crebrius
1173 216 1341 255 instituit
1362 244 1375 266 ,
1415 212 1532 267 quam

155 295 178 314 «
209 292 279 333 per
313 277 536 331 Augustum
573 282 583 298 ¹
619 293 664 317 ».
694 274 862 316 Tiberio
890 290 1159 316 marmoreum
1195 292 1332 318 arcum
1371 281 1384 298 ²
1420 275 1531 329 juxta

146 340 329 394 Pompeii
348 340 546 380 theatrum
569 344 607 390 ³,
631 339 837 380 decretum
861 337 960 378 olim
981 338 1027 379 ab
1053 338 1191 380 senatu
1203 369 1214 389 ,
1240 340 1306 380 sed
1325 340 1530 389 omissum,

148 403 314 458 peregit.
346 403 496 444 Omnia
521 402 682 457 quidem
701 402 790 442 Caii
821 403 903 442 aeta
936 401 1097 442 rescidit
1118 406 1156 451 4,
1195 400 1357 456 ejusque
1391 403 1531 443 statuas

98 471 122 510 5
148 467 267 506 no'Gtu
288 465 441 506 sustulit
465 471 476 498 5
499 483 507 506 :
530 467 658 506 vetuit
679 479 813 506 tamen
835 480 926 505 eum
949 462 1172 519 ignominia
1195 467 1324 505 notari
1346 465 1384 512 ⁶3
1406 466 1532 506 diem-

148 543 224 582 que
255 531 390 579 necis,
424 531 603 583 quamvis
639 529 849 569 exordium
886 528 1130 584 principatus
1159 528 1245 576 sui,
1280 529 1383 567 inter
1413 528 1531 569 festos

146 591 284 631 referri
312 597 326 619 ⁷
349 609 357 632 ι
379 607 458 646 quo
481 592 610 633 ediCto
632 593 810 648 Principi
831 592 1025 646 dignitas,
1048 589 1263 632 sceleribus
1287 590 1425 631 odium
1449 606 1532 632 ma-

144 653 278 695 nebat.

210 717 314 757 XX.
348 718 499 759 HAUD
532 719 661 758 minus
687 716 902 772 diligenter
928 731 1090 758 cautum
1110 731 1154 758 ut
1178 732 1284 758 nova
1309 717 1533 757 dominatio

73 790 122 818 ιο
145 780 304 835 regibus
332 783 477 822 exteris
514 781 874 823 commendaretur.
902 781 1099 822 Restituta
1124 781 1334 822 Antiocho
1362 777 1376 801 Β
1405 779 1534 820 Com-

145 858 315 898 magene
341 845 506 900 parsque
527 844 680 885 Cilicia:
697 874 711 894 ‚
734 859 755 884 a
785 844 888 884 Caio
916 843 1006 885 data
1033 848 1072 885 ὃς
1093 845 1290 899 adempta.
1317 843 1535 884 Mithrida-

144 919 204 946 tes
231 911 276 957 9,
304 906 466 958 Iberus,
492 909 689 948 Armeniae
714 921 812 956 rex,
841 907 881 945 in
909 906 1070 947 vincula
1097 906 1300 958 conjefitus
1318 936 1329 956 ‚
1363 907 1534 962 primiim

145 967 400 1020 libertatem,
429 971 574 1012 deinde
599 985 766 1025 regnum
805 971 972 1025 recepit.
1002 970 1109 1010 Data
1135 969 1350 1011 Polemoni
1369 973 1416 1018 ¹0,
1447 969 1534 1022 regi

148 1031 416 1088 Bosphorano
431 1063 443 1084 ,
465 1033 612 1075 Cilicia
625 1064 638 1084 ,
661 1048 706 1074 ut
720 1032 978 1073 Mithridates
995 1063 1007 1083 ‚
1035 1049 1054 1074 a
1079 1048 1227 1088 magno
1243 1032 1480 1073 Mithridate
1499 1036 1529 1052 ¹¹

872 1099 917 1135 ¹².
937 1097 992 1135 At
1009 1110 1052 1137 ut
1079 1098 1241 1151 egregia
1262 1096 1449 1150 Agrippae
1477 1093 1534 1134 of-

146 1159 235 1199 ficia
252 1188 263 1208 ,
291 1161 346 1199 ita
372 1162 544 1201 maxima
570 1161 645 1199 fuit
672 1160 809 1214 gratia.
837 1159 936 1198 Non
966 1159 1089 1199 modo
1119 1159 1355 1200 confirmata
1381 1173 1503 1213 regna
1522 1186 1538 1208 ‚

191 1279 199 1293 ¹
224 1275 285 1305 PER
307 1275 504 1311 Aucus-rum]
517 1276 647 1306 Sueton.
664 1275 697 1304 in
712 1273 823 1304 Claud.

189 1357 200 1370 ²
222 1352 439 1384 MARMOREUM
460 1363 569 1383 Ancum
589 1353 604 1389 ]
626 1351 792 1382 Suetonius
814 1374 822 1387 ‚

148 1390 226 1421 ibid.

187 1436 198 1457 Ξ
220 1432 356 1461 Pomm
398 1441 570 1460 ‘summum
593 1431 607 1466 ]
646 1431 741 1467 Cujus
759 1429 823 1460 sce-

149 1479 241 1505 nam,
259 1470 336 1501 olim
356 1471 521 1500 ambustam
534 1493 542 1505 ‚
563 1469 712 1500 refecerat
726 1469 824 1500 Tibe·

149 1509 211 1539 rius
227 1532 236 1544 ‚
262 1518 295 1539 ut
313 1510 428 1540 dictum
451 1510 489 1539 est
514 1510 599 1546 supra
623 1509 733 1538 Annal.
760 1511 800 1539 VI
815 1533 822 1545 ,

149 1559 200 1586 45.
211 1549 299 1578 Illam
313 1549 469 1580 dedicavit
480 1548 629 1578 Claudius
644 1572 651 1583 ,
666 1548 715 1578 scd
728 1559 823 1577 unum

149 1588 270 1618 Tiberii
284 1598 401 1619 nomen
418 1587 565 1625 inscripsit
579 1609 587 1620 ‚
601 1587 686 1617 suum
701 1587 802 1618 omisit
814 1611 822 1623 ‚

149 1627 212 1657 Dio
223 1649 232 1661 ‚
245 1629 312 1657 LX.
334 1638 399 1666 pag.
417 1631 488 1663 669.
504 1627 624 1664 Quibus
639 1627 823 1657 caerimoniis

150 1667 241 1696 ludos
263 1674 328 1696 tum
345 1666 477 1697 ediderit
492 1675 593 1696 narrat
610 1666 776 1696 Suetonius
791 1666 823 1695 in

151 1706 261 1735 Claud.
291 1707 374 1736 XXI.
395 1707 491 1743 Hujus
512 1705 622 1736 theatri
645 1706 753 1736 rudera
772 1706 823 1735 vi-

151 1745 256 1774 suntur
267 1745 365 1775 adhuc
381 1746 486 1775 Romae
507 1746 545 1774 ad
557 1746 709 1783 Campum
723 1746 823 1775 Florae

150 1784 184 1813 in
200 1784 315 1814 oedibus
328 1784 422 1815 Ducis
444 1784 475 1813 de
498 1784 586 1813 Griilo
611 1808 620 1821 ‚
646 1785 820 1825 vicinisque

150 1823 319 1862 apothecis.

189 1866 204 1886 4
226 1863 401 1900 Rrscmir]
428 1865 556 1893 Sueton.
578 1862 611 1892 in
632 1863 742 1893 Claud.
768 1865 820 1893 Xl.

151 1904 266 1932 Verum
290 1902 352 1932 haec
375 1913 444 1933 cum
460 1902 564 1933 Dione
577 1925 584 1937 ‚
603 1904 671 1933 LX.
689 1913 754 1942 pag.
764 1907 822 1942 667

150 1940 294 1979 intellige
318 1942 355 1972 dc
384 1952 541 1980 perperam
569 1942 641 1971 anstis
671 1953 688 1972 a
721 1943 823 1977 Caio,

150 1980 202 2010 vel
216 1981 254 2010 ab
271 1980 339 2010 aliis
362 1989 487 2019 propter
507 1981 628 2010 Caium.
652 1981 693 2010 Τὲι
725 1982 768 2018 μὲν
792 1981 824 2012 δή

151 2020 177 2050 ἓν
194 2021 241 2048 ὑπό
259 2034 285 2049 τε
302 2024 334 2050 T}
353 2021 416 2049 ruis
429 2025 451 2059 »ς
469 2023 511 2056 ὑφ’
528 2021 608 2058 ἑτέρων
627 2020 662 2049 ἆΥ
686 2023 768 2050 ἐκεῖνον
793 2024 825 2051 ἐκ

152 2062 225 2097 ὀρθῶς
243 2058 357 2098 oysvo'pflsm
370 2083 377 2093 ,
395 2059 523 2097 ἀνέτρεψε.

191 2103 199 2125 5
222 2101 390 2132 Susrumr]
413 2098 497 2134 Dio,
523 2097 598 2127 ibid.

188 2138 202 2156 ⁶
223 2139 397 2168 lenonium
424 2139 571 2174 nomm]
602 2138 643 2167 At
661 2161 669 2173 ‚
701 2138 752 2167 vel
777 2137 827 2167 in—

150 2175 220 2206 vito
244 2177 378 2207 Claudio
400 2199 410 2212 ,
433 2177 495 2207 haec
520 2177 697 2215 ignominia
722 2200 730 2212 ‚
761 2187 828 2207 ma-

152 2214 253 2245 lorum
279 2216 455 2255 Principum
484 2216 578 2246 ultrix
604 2238 612 2251 ‚
646 2216 759 2246 Caium
781 2216 828 2246 se-

152 2262 225 2284 cuta
242 2255 298 2292 est;
317 2256 501 2294 testaturque
528 2255 590 2285 Dio
612 2279 620 2291 ‚
638 2255 715 2285 ibid.
739 2263 827 2286 aetate

153 2292 205 2336 Τυβὶ
220 2293 252 2322 in
274 2294 467 2325 sacramentis
483 2295 626 2333 votisque
645 2293 828 2333 concipien-

157 2331 204 2361 dis
224 2333 293 2362 Caii
314 2334 496 2374 Tiberiique
520 2334 652 2364 nomina
672 2334 807 2364 reticeri.

197 2376 210 2396 7
232 2372 328 2403 INTER
366 2384 473 2406 rsssros
496 2377 664 2409 Remum]
698 2375 826 2405 Sueton.

862 1272 895 1302 in
912 1274 1021 1304 Claud.
1040 1276 1092 1303 XI.
1111 1273 1218 1305 Vetuit
1243 1274 1326 1304 diem
1347 1273 1435 1303 illum
1456 1272 1538 1302 inter

862 1313 952 1343 festos
980 1312 1087 1343 referri
1107 1337 1115 1350 ,
1144 1323 1183 1342 ne
1200 1313 1237 1342 de
1252 1314 1322 1343 Caii
1342 1323 1418 1342 nece
1442 1311 1537 1341 laetari

863 1352 1022 1382 videretur
1041 1363 1050 1390 ;
1083 1353 1168 1390 quod
1187 1351 1243 1381 fibi
1266 1363 1323 1382 nec
1346 1351 1515 1391 gloriosum
1529 1373 1539 1386 ,

864 1401 921 1421 nec
946 1400 1046 1421 tutum
1074 1391 1185 1421 fuiss‘et.
1214 1391 1421 1430 Sequentibus
1450 1390 1539 1419 annis

864 1431 964 1469 primo
980 1431 1038 1461 illo
1056 1431 1177 1469 imperii
1199 1430 1242 1460 sui
1267 1431 1316 1461 die
1326 1429 1540 1469 praetoriarum

864 1470 1045 1500 cohortium
1078 1470 1230 1500 militibus
1259 1480 1409 1500 centenos
1445 1479 1541 1498 num-

863 1520 949 1545 mos,
970 1518 1105 1539 monetae
1125 1509 1252 1539 Gallicae
1276 1509 1369 1539 libras
1394 1520 1451 1545 19,
1467 1508 1541 1537 virit-

864 1550 921 1579 tim
942 1549 1038 1579 dedit.
1066 1549 1149 1584 Dio,
1171 1550 1240 1578 LX.
1257 1559 1322 1587 pag.
1336 1553 1408 1585 673-

904 1588 915 1606 3
937 1589 1116 1618 ΒεετιτυτΑ
1144 1589 1308 1618 ΑΝτιοεΗο
1327 1589 1340 1624 ]
1368 1587 1452 1622 Dio,
1469 1587 1538 1622 LX,

865 1637 930 1666 pag.
953 1631 1025 1665 670.
1051 1628 1098 1657 De
1125 1627 1284 1657 Antiocho
1305 1629 1345 1657 lV
1360 1650 1368 1663 ‚
1385 1627 1540 1655 Comma-

863 1676 948 1705 genae
969 1676 1040 1705 rege
1065 1689 1073 1702 ,
1103 1666 1218 1696 diCtum
1249 1666 1335 1704 supra
1361 1666 1392 1694 in
1409 1665 1542 1702 Supple-

864 1707 977 1736 mcntis
1004 1705 1116 1735 Annal.
1146 1707 1200 1735 VH
1221 1728 1230 1741 ‚
1252 1716 1300 1735 11.
1325 1706 1359 1736 ὃς
1378 1705 1472 1741 vm,
1493 1713 1540 1741 34.

864 1745 942 1776 Vide
965 1746 998 1775 ὃς
1018 1744 1128 1774 Annal.
1149 1746 1205 1774 XII
1221 1768 1229 1779 ,
1253 1754 1300 1784 55.

905 1790 916 1807 9
940 1783 1267 1821 M1r÷in1n.xrrs]Dio
1282 1807 1290 1818 ‚
1316 1783 1394 1813 ibid.
1414 1782 1460 1811 De
1479 1781 1538 1811 illo

863 1825 924 1862 jam
937 1826 1037 1854 acrum
1050 1823 1080 1852 in
1090 1823 1312 1861 Supplemento
1330 1821 1443 1851 Annal.
1455 1821 1540 1857 vul,

867 1874 913 1900 34.
930 1863 1010 1894 Vide
1033 1872 1160 1902 quoque
1181 1862 1328 1892 Tacitum
1344 1860 1457 1890 Annal.
1480 1861 1541 1896 XI,

865 1906 893 1933 3.
908 1903 941 1932 ὃς
964 1904 1021 1932 XlI
1039 1924 1047 1936 ‚
1075 1914 1116 1939 44
1134 1912 1168 1931 ac
1194 1901 1276 1940 seqq.
1513 1937 1518 1942 ¹

904 1947 931 1960 ¹0
954 1942 1044 1971 Dsxrx
1064 1942 1257 1977 Pornmom]
1282 1939 1364 1975 Dio,
1390 1938 1466 1968 ibid.
1480 1939 1540 1968 Hic

864 1981 1016 2011 Polemon
1028 1982 1074 2014 11,
1100 1980 1186 2018 supra
1207 1988 1393 2010 memoratus
1414 1978 1445 2007 in
1459 1980 1542 2013 Sup-

864 2020 1024 2058 plemento
1053 2019 1165 2049 Annal.
1188 2020 1266 2054 VII,
1292 2022 1338 2055 36.
1366 2017 1480 2048 Nullos
1497 2016 1542 2060 su-

864 2060 977 2096 pereffe
999 2069 1146 2089 nummos
1168 2057 1349 2088 Polemonis
1369 2079 1377 2093 ‚
1411 2056 1483 2085 dum
1507 2065 1542 2085 m

865 2098 1025 2136 Bosphoro
1046 2097 1195 2136 regnabat
1209 2120 1218 2132 ,
1239 2097 1324 2127 cusos
1339 2119 1347 2131 ‚
1367 2096 1462 2126 docet
1489 2095 1542 2124 Cl.

865 2138 965 2176 Cary,
985 2136 1098 2176 Histsire
1118 2136 1164 2164 cles
1178 2136 1244 2165 Pois
1259 2135 1293 2164 du
1302 2135 1454 2174 Bosphore,
1472 2143 1543 2173 pag.

867 2187 930 2234 50s¹
956 2216 1073 2246 MAGNO
1094 2214 1326 2251 Mammam]
1353 2214 1437 2252 Rege
1458 2213 1543 2242 Pon-

866 2255 931 2286 tico
948 2279 956 2291 ‚
981 2255 1059 2286 olim
1074 2256 1180 2285 Romae
1206 2253 1330 2283 aemulo.
1466 2290 1471 2295 ·
1502 2289 1507 2295 ῃ

908 2298 933 2313 ¹²
957 2296 1129 2325 Bospuono
1156 2289 1543 2333 DONARETUR]Dio,1b1d3

867 2336 955 2371 Quot
967 2334 1000 2363 in
1013 2332 1205 2364 Mithridatis
1221 2353 1230 2366 ‚
1256 2332 1334 2371 regis
1351 2329 1544 2373 Bosphorani

865 2371 1190 2404 historiar-ocensem&
1200 2371 1375 2410 peccaverit
1390 2369 1544 2405 Vaillant‚

1122 2434 1189 2474 Zz
1217 2431 1245 2486 ij

1548 224 1663 246 Ξ

1549 265 1662 290 Α.υ.Ο.

1568 322 1644 351 794,

1571 370 1595 393 J.
1607 369 1637 394 C·

1582 425 1654 453 4¹0³
