1952 2708
608 171 656 211 C.
722 168 1148 212 CORNELII
1212 171 1516 216 TACITI

362 257 462 299 biles
485 252 618 295 causas
643 251 866 303 adferrent,
896 252 991 293 dum
1015 252 1184 294 formam
1206 254 1263 294 sui
1283 255 1446 309 quisque
1472 259 1512 296 ὅ(
1533 254 1680 305 animi,
1709 257 1753 296 δε

362 319 516 374 ingenii
537 317 746 366 redderet,
770 315 908 356 iisdem
934 331 1041 356 nunc
1063 318 1236 358 numeris
1251 347 1263 367 ,
1286 318 1505 372 iisdemque
1529 318 1751 359 rationibus

360 382 570 439 persequar
586 411 598 430 ,
626 380 781 421 servato
806 379 944 420 ordine
971 379 1272 435 disputationis:
1305 396 1433 434 neque
1455 382 1562 422 enim
1584 381 1710 423 defuit
1736 411 1749 432 ,

361 446 428 500 qui
457 444 651 485 diversam
678 458 837 498 quoque
866 456 1017 499 partem
1057 442 1300 498 susciperet,
1329 459 1376 484 ac
1404 443 1576 484 multum
1604 443 1748 486 vexata

361 513 403 550 ὅ(
428 506 536 548 irrisa
564 509 782 557 vetustate,
813 507 1034 547 nostrorum
1072 518 1300 561 temporum
1336 505 1609 562 eloquentiam
1644 510 1749 549 anti·

361 586 533 627 quorum
557 572 727 626 ingeniis
752 570 980 611 anteferret.

421 635 481 676 ΙΙ.
515 636 557 676 N
568 648 632 674 AM
672 635 826 690 postero
863 633 953 682 die,
982 632 1100 686 quam
1130 633 1328 672 Curiatius
1349 632 1564 674 Maternus
1589 639 1599 656 ¹
1631 634 1751 674 Cato-

359 692 451 739 n'em
476 702 488 719 ²
513 699 777 746 recitaverat,
806 699 897 736 cum
923 696 1128 736 offendisse
1156 697 1383 752 potentium
1414 698 1569 738 animos
1597 697 1750 738 dicere-

358 774 447 811 tur,
471 774 672 815 tamquam
695 761 735 800 in
758 774 807 800 eo
830 759 1033 814 tragoediae
1055 774 1292 814 argumento
1315 761 1372 799 sui
1394 760 1542 802 oblitus
1559 790 1572 811 ,
1593 763 1748 801 tantum

358 825 556 865 Catonem
581 822 813 878 cogitasset,
841 821 964 876 eaque
991 821 1039 862 de
1070 838 1111 863 re
1136 838 1204 879 per
1228 823 1378 863 Urbem
1405 823 1590 878 frequens
1618 824 1747 864 sermo

358 887 568 928 haberetur
590 917 602 937 ,
633 899 831 926 venerunt
856 886 905 926 ad
941 901 1032 927 eum
1069 885 1133 926 Ᾱί.
1156 888 1267 938 Aper
1295 891 1337 936 ³,
1367 891 1407 927 ὅ(
1436 888 1576 926 Julius
1599 886 1751 927 Secun-

359 953 428 989 dus
454 956 497 1001 4,
527 949 786 991 celeberrima
820 961 905 989 tum
929 950 1090 1004 ingenia
1117 949 1194 989 fori
1224 951 1368 990 nostri:
1397 965 1496 1003 quos
1521 966 1598 1006 ego
1620 951 1663 990 -in
1688 951 1749 1002 ju-

358 1013 473 1054 diciis
502 1029 583 1056 non
609 1013 796 1067 utrosque
826 1013 947 1054 modo
973 1012 1143 1053 studiose
1165 1012 1374 1053 audiebam
1390 1043 1403 1063 ,
1427 1013 1493 1054 sed
1516 1014 1626 1054 domi
1649 1028 1748 1067 quo-

359 1091 434 1130 que
459 1081 497 1117 ἃ
525 1078 565 1116 in
593 1076 758 1132 publico
782 1076 1004 1117 adfer-stabat
1021 1106 1032 1125 ,
1063 1075 1161 1116 mira
1189 1077 1405 1118 studiorum
1432 1077 1679 1133 cupiditate,
1709 1080 1750 1116 &

357 1139 531 1192 quodam
557 1140 696 1180 ardore
719 1138 913 1190 juvenili,
938 1153 982 1179 ut
1007 1138 1159 1179 fabulas
1180 1155 1339 1194 quoque
1368 1156 1534 1190 eorum,
1556 1145 1597 1181 ὅ(
1617 1139 1749 1195 dispu-

357 1203 528 1243 tationes
552 1232 564 1253 ,
603 1207 643 1243 ὅ(
683 1218 825 1243 arcana
865 1203 1024 1243 semotae
1058 1202 1241 1243 diciionis
1276 1205 1434 1260 penitus
1466 1205 1696 1259 exciperem
1739 1220 1748 1243 ε

356 1267 537 1319 quamvis
563 1265 738 1320 maligne
766 1265 945 1322 plerique
967 1267 1225 1322 opinarentur
1241 1296 1253 1317 ,
1281 1282 1357 1307 nec
1378 1267 1568 1308 Secundo
1592 1281 1749 1322 promp-

356 1341 441 1368 tum
472 1329 547 1369 effe
572 1329 823 1380 sermonem,
855 1333 895 1370 &
917 1330 1071 1385 Aprum
1099 1331 1265 1384 ingenio
1288 1331 1419 1386 potius
1441 1334 1481 1370 &
1506 1331 1545 1370 vi
1569 1344 1715 1370 naturoe
1735 1358 1749 1379 ,

357 1390 475 1444 quam
500 1392 746 1432 institutione
780 1397 819 1433 ὃ(
858 1392 982 1433 literis
1015 1392 1159 1433 famam
1198 1392 1435 1447 eloquentia:
1470 1393 1747 1434 consecutum.

356 1455 466 1495 Nam
491 1459 531 1494 ὃς
554 1456 744 1496 Secundo
775 1471 921 1511 purus,
952 1460 991 1497 ὃς
1020 1456 1198 1511 pressus,
1228 1460 1295 1506 &,
1322 1458 1363 1495 in
1395 1470 1585 1510 quantum
1617 1461 1628 1487 5
1657 1456 1747 1496 satis

357 1532 469 1568 erat,
495 1519 695 1573 profluens
723 1519 851 1558 sermo
876 1534 957 1560 non
990 1519 1139 1560 defuit:
1172 1523 1212 1559 &
1239 1520 1348 1575 Aper
1373 1521 1579 1560 communi
1617 1518 1749 1560 erudi-

356 1581 469 1621 tione
492 1581 667 1622 imbutus
685 1612 696 1632 ,
725 1582 1011 1623 contemnebat
1046 1583 1176 1638 potius
1202 1581 1335 1623 literas
1371 1582 1488 1637 quam
1514 1581 1716 1624 nesciebat
1732 1611 1746 1632 ‚

357 1657 560 1698 tamquam
584 1643 775 1697 majorem
798 1646 991 1686 industriae
1015 1650 1055 1686 ὅ(
1087 1645 1234 1687 laboris
1261 1645 1431 1700 gloriam
1454 1646 1659 1687 habiturus
1675 1676 1688 1696 ,
1719 1645 1747 1684 fi

357 1708 566 1761 ingenium
592 1706 675 1759 ejus
703 1708 823 1750 nullis
848 1708 1067 1750 alienarum
1091 1710 1233 1750 artium
1257 1709 1511 1751 adminiculis
1540 1710 1658 1749 inniti
1684 1710 1746 1749 vi-

357 1770 529 1812 deretur.
553 1772 682 1826 Igitur
716 1786 760 1813 ut
780 1774 1015 1813 intravimus
1042 1772 1276 1813 cubiculum
1306 1773 1510 1823 Materni,
1541 1772 1746 1812 sedentem

358 1834 514 1888 ipsum,
538 1839 578 1876 &c
612 1850 731 1889 quem
764 1836 890 1891 pridie
915 1837 1177 1887 recitaverat,
1206 1836 1352 1877 librum
1381 1828 1483 1877 intra
1508 1850 1647 1876 manus
1677 1836 1749 1876 ha-

359 1895 521 1938 bentem
537 1929 550 1949 ,
581 1898 930 1954 deprehendimus.

419 1960 506 2002 III.
549 1962 665 2002 TUM
712 1961 914 2001 Secundus
955 1980 963 2003 :
1001 1961 1076 2003 Nil
1113 1977 1163 2004 ne
1201 1976 1241 2004 te
1267 1992 1280 2013 ,
1307 1963 1436 2016 inquit
1459 1991 1473 2013 ,
1512 1962 1700 2003 Materne
1728 1990 1744 2012 ,

367 190 452 219 120

357 2065 391 2097 ὃ(
405 2066 560 2097 Maternus
578 2067 611 2097 in
630 2068 734 2099 multis
750 2068 869 2100 easdem
881 2078 1031 2108 corruptae

357 2107 546 2144 eloquentiae
563 2108 662 2137 causas
683 2109 823 2138 afferant.

398 2151 405 2163 ¹
430 2146 608 2176 Cumanus
625 2148 824 2185 MATERNus]
840 2148 920 2178 Vide
930 2149 1030 2177 Notas

356 2184 391 2215 &
404 2185 646 2216 Emendationes
663 2187 701 2216 ad
717 2197 781 2225 cap.
792 2198 820 2216 2.
834 2188 1009 2217 Maternum
1021 2209 1029 2222 ,

355 2223 508 2262 sophisten
522 2248 530 2260 ‚
546 2226 630 2268 quod
646 2226 812 2256 exercendi
834 2226 877 2255 sui
893 2226 980 2256 causa
998 2226 1030 2255 in

353 2263 520 2302 Tyrannos
531 2264 656 2297 diceret.
670 2275 687 2295 a
696 2265 882 2296 Domitiano
893 2266 1029 2295 occisum

355 2312 509 2333 memorat
518 2303 721 2339 Dio,LXVII.
731 2315 799 2344 pag.
814 2309 888 2344 765.
902 2306 1029 2335 idemne

354 2341 391 2372 fit
413 2353 447 2372 ac
461 2343 615 2374 Curiatius
629 2344 785 2374 Maternus
802 2355 868 2375 non
883 2345 1024 2374 dixerim.

395 2387 406 2400 ²
428 2383 585 2413 Cen-ouria
608 2385 621 2420 ]
640 2384 855 2422 Tragoediam,
871 2385 958 2423 cujus
973 2386 1030 2416 Ca-

353 2429 389 2452 to
407 2430 470 2453 erat
487 2431 712 2461 argumentum.

1110 2075 1119 2096 3
1143 2070 1184 2099 M.
1207 2071 1291 2100 Ari-:R
1313 2072 1326 2108 ]
1346 2069 1408 2106 Qui
1422 2069 1503 2100 forte
1520 2076 1604 2107 pater
1622 2067 1681 2098 fuit
1701 2067 1747 2096 M.

1069 2109 1171 2140 Flavii
1209 2109 1283 2148 Apri
1305 2133 1314 2147 ‚
1350 2109 1484 2140 consulis
1515 2118 1598 2138 anno
1635 2109 1672 2137 U.
1708 2107 1746 2136 C.

1071 2160 1291 2180 Dccctxxxui.

1108 2194 1123 2211 ⁴
1143 2191 1251 2218 Juuus
1273 2190 1431 2218 SECUNDUS
1452 2188 1466 2224 ]
1489 2183 1666 2225 Elegantiam
1690 2184 1744 2213 Se-

1070 2227 1151 2257 cundi
1170 2228 1273 2257 laudat
1289 2225 1502 2263 Quintilianus
1515 2248 1524 2262 ‚
1550 2223 1638 2262 Iustis.
1662 2224 1745 2254 Orat.

1070 2269 1126 2298 XII
1138 2291 1146 2304 ‚
1172 2278 1217 2296 10.
1231 2267 1277 2295 De
1290 2266 1354 2303 ejus
1373 2265 1515 2295 laudibus
1534 2264 1621 2303 plura
1633 2263 1745 2294 dicen-

1069 2316 1117 2337 tur
1143 2305 1222 2335 infra
1249 2315 1314 2343 cap.
1340 2315 1390 2341 23.

1109 2350 1118 2372 5
1141 2347 1174 2374 lu
1197 2355 1346 2380 QUAM-um
1366 2345 1379 2381 ]
1398 2344 1433 2373 Id
1453 2344 1511 2379 est,
1532 2345 1681 2382 quantum
1697 2342 1745 2372 saz-

1070 2384 1107 2415 tis
1120 2393 1194 2414 erat.
1211 2384 1259 2414 Sic
1280 2384 1306 2413 in
1321 2393 1427 2412 rantum
1447 2383 1604 2422 usurpavit
1618 2381 1745 2412 Tacitus

1071 2425 1108 2455 de
1126 2424 1267 2456 Motibus
1281 2424 1428 2456 German.
1447 2433 1514 2462 cap.
1530 2432 1580 2462 45.

1597 2479 1740 2523 fabula:

1786 835 1835 862 10

1784 1147 1832 1186 15

1777 1469 1834 1496 20

1776 1782 1829 1824 25
