1952 2708
655 163 908 209 GERM
944 161 981 207 A
1020 169 1063 209 N
1100 167 1199 212 ῐΑ,

1537 189 1589 226 17

263 247 344 291 IX.
378 246 599 289 DEORUM
625 251 636 269 ¹
667 248 841 288 maxime
866 248 1115 290 Mercurium
1147 253 1159 270 ²
1184 249 1350 302 colunt,
1376 253 1441 295 eui
1466 258 1586 298 certis

197 313 368 363 diebus,
396 312 578 352 humanis
607 325 766 365 quoque
796 312 932 352 hostiis
961 317 970 340 ³
1001 310 1114 352 litare
1147 311 1203 352 fas
1238 313 1397 355 habent.
1427 320 1588 360 Hercu-

201 375 284 417 lem
309 392 355 417 ac
380 376 556 416 Martem
582 375 773 416 conceffis
799 374 1035 415 animalibus
1061 380 1079 404 4
1110 374 1290 430 placant:
1322 392 1408 431 pars
1432 381 1590 423 Suevo-

205 454 292 481 tum
315 444 355 480 &
374 439 495 479 Issdi5
518 439 724 480 sacrificat.
741 438 857 479 Unde
880 439 997 479 causa
1017 442 1057 479 ὅ(
1078 440 1193 494 origo
1215 442 1428 495 peregrino
1453 442 1589 496 sacro,

245 568 255 583 ¹
279 564 423 595 Deorum
444 567 455 598 ]
480 564 507 593 A
530 562 642 594 Tacito
660 562 816 593 dissentire
831 563 878 593 vi-

204 603 296 633 detur
311 604 408 634 Julius
424 603 538 639 Caesar,
554 603 630 632 Bell.
643 603 726 633 Gall.
740 603 814 637 Vll,
829 613 844 631 z
855 613 876 632 ι.

203 641 330 671 Deorum
347 652 455 671 numero
470 652 514 670 eos
521 641 594 680 βίος
608 641 709 670 ducunt
719 665 727 677 ‚
747 651 811 680 quor
825 651 878 670 cer-

204 691 292 718 nunt,
316 681 345 710 Cr·
366 691 473 719 quoram
492 680 585 718 opibus
605 683 698 718 aperte*
714 682 850 718 juvantur
866 705 875 718 ‚

205 720 290 748 Solem
307 720 336 749 [r
350 720 504 751 Vulcanum
520 720 550 750 Cr
572 720 682 749 Lanam
695 733 702 748 :
716 720 830 759 reliquos
844 731 878 749 ne

195 757 278 796 fama
291 759 396 798 quidem
415 769 587 796 acceperunt.
610 760 770 799 Distingue
797 768 878 790 tem-

229 809 302 837 ora;
320 801 355 830 &
373 800 489 830 summa
509 800 566 830 erit
584 800 731 830 Caesarem
749 800 828 830 inter
844 810 878 830 ac

235 837 349 869 acitum
362 838 534 869 consensio.
548 839 671 869 Caesaris
686 847 772 869 aetate
790 839 858 869 suos
870 863 877 875 ‚

204 878 241 909 ὅ(
263 878 397 908 barbaris
421 878 485 908 fere
506 879 652 909 omnibus
677 878 844 908 familiares
869 902 878 915 ‚

207 917 283 947 deos
305 917 438 948 habuere
452 918 599 948 Germani
612 918 717 948 Solem
729 942 736 953 ,
757 919 878 947 Lunam

206 956 241 987 ὃς
256 957 446 993 Vulcanum,
468 957 499 986 id
515 958 554 986 est
566 957 671 996 ignem
684 980 692 993 ,
710 968 803 996 quem
818 957 880 987 five

207 1005 224 1025 e
236 994 317 1025 filice
334 996 500 1029 elicerent,
523 996 584 1026 five
597 995 788 1027 velocissimo
803 997 881 1027 duo-

206 1044 275 1064 rum
288 1035 444 1073 lignorum
457 1035 590 1069 affriclm
605 1045 637 1066 ut
651 1035 880 1066 Canadenfibus

205 1074 342 1104 barbaris
353 1075 452 1105 adhuc
468 1085 536 1105 mos
557 1075 613 1111 est,
637 1075 824 1112 excitarent,
848 1075 882 1105 fi—

205 1122 246 1143 ve
259 1113 370 1144 calidas
382 1125 473 1154 aquas
483 1137 490 1150 ‚
505 1125 571 1153 quae
587 1114 617 1143 in
635 1115 764 1154 regione
777 1126 882 1145 occur-

207 1153 488 1192 runt,spee'tarent,
502 1154 564 1184 five
576 1154 658 1184 inter
670 1155 809 1184 tonitrua
822 1155 882 1183 stri—

207 1192 334 1222 dentem
360 1193 522 1229 audirent,
541 1192 686 1223 admirari
711 1193 823 1230 pariter
849 1204 882 1223 ac

206 1231 348 1261 venerari
367 1243 498 1271 coepere.
527 1233 629 1262 Postea
655 1232 819 1262 Gallorum
849 1233 883 1262 ὃς

208 1271 424 1301 Romanorum
453 1273 597 1300 contaetu
616 1294 624 1306 ‚
660 1271 848 1301 Mercurium
873 1295 882 1306 ‚

208 1311 374 1340 Herculem
389 1331 397 1342 ‚
428 1310 558 1340 Martem
589 1320 744 1348 accepere.
768 1312 882 1341 Eorum

208 1349 308 1379 cultus
329 1357 417 1380 aetate
443 1349 546 1379 Taciti
571 1349 707 1387 vigebat.
726 1351 807 1380 Cum
832 1361 883 1388 per

208 1389 408 1419 Germaniam
423 1388 482 1419 iter
502 1388 636 1419 facerem
651 1389 783 1428 plurima
799 1391 883 1429 Nep-

208 1427 276 1459 tuni
292 1436 496 1459 monumenta
522 1428 640 1466 reperi:
667 1428 726 1458 alia
750 1429 883 1459 aliorum

208 1468 340 1497 deorum
355 1476 529 1498 occurrunt.
543 1467 689 1503 Scilicet,
709 1468 884 1499 labentibus

210 1507 299 1536 annis
311 1531 319 1543 ‚
347 1508 509 1545 Neptunus
523 1531 531 1543 ‚
558 1516 722 1547 ceteraque
752 1509 885 1538 deorum

210 1555 335 1576 caterva
346 1570 355 1582 ,
378 1546 409 1576 in
426 1546 626 1576 Germaniam
641 1547 765 1578 venere.

248 1591 260 1604 ²
284 1587 477 1616 Mmcuiuum
500 1589 511 1624 ]
527 1586 639 1616 Eadem
651 1586 720 1617 sane
733 1586 793 1617 fuit
804 1586 886 1623 apud

211 1625 408 1660 Germanos,
430 1627 523 1664 quam
546 1627 625 1664 apud
652 1627 777 1661 Gallos,
805 1627 886 1655 Mer-

210 1665 290 1694 curii
307 1665 404 1695 cultus
420 1666 515 1695 causa.
531 1665 577 1695 De
595 1665 691 1695 Gallis
706 1666 803 1696 Julius
820 1666 887 1695 Cae—

213 1703 267 1734 sar.
292 1705 369 1734 Bell.
391 1704 471 1734 Gall.
494 1706 559 1739 VI,
590 1715 634 1740 ¹7-
656 1704 748 1734 Deum
771 1705 889 1734 maxime*

211 1742 382 1772 Mercurium
396 1743 502 1777 colunt,
517 1743 667 1782 hujusfimt
681 1743 889 1783 plurimafimu-

215 1782 293 1812 Iaera
307 1795 316 1811 .·
337 1782 407 1812 hunc
418 1783 533 1811 omnium
551 1784 716 1812 inventorem
732 1785 832 1812 arrium
839 1783 888 1820 fi>-

213 1831 299 1856 runt,·
320 1821 390 1850 hunc
409 1823 514 1851 viarum
530 1832 608 1860 arque
621 1823 747 1852 itinerum
764 1822 856 1852 dacem
876 1833 887 1857 ;

215 1860 287 1889 hunc
303 1860 339 1889 ad
350 1861 462 1900 quastus
474 1862 597 1898 pecuniae
610 1863 824 1900 mercaturasque
840 1862 888 1890 lia-

214 1899 278 1928 bere
291 1900 344 1929 vim
364 1901 510 1930 maximam
528 1901 709 1931 arbitrantur.
723 1903 800 1932 Inde
819 1904 889 1932 cum

215 1939 296 1969 olim
311 1939 344 1969 in
363 1940 489 1971 civitate
506 1940 637 1979 Aquenfi
649 1965 658 1978 ‚
677 1952 758 1972 nunc
774 1940 869 1970 Baden
881 1965 888 1977 ‚

216 1978 445 2009 celebrarentur
474 1980 663 2011 commercia
674 2003 683 2017 ‚
719 1989 810 2020 atque
834 1980 890 2011 hac

217 2017 278 2047 iter
295 2017 367 2048 effer
390 2018 422 2047 in
446 2020 611 2054 Helvetios
628 2042 637 2055 ,
671 2020 822 2059 praecipua
846 2020 889 2050 ibi

218 2056 278 2087 fuit
291 2057 434 2087 Mercurii
450 2058 612 2089 veneratio
630 2059 663 2088 in
676 2068 785 2090 monte
805 2060 892 2089 luco-

217 2107 280 2135 que
305 2107 401 2134 prope
426 2096 534 2126 Baden.
563 2100 665 2134 Quem
690 2099 795 2129 locum
821 2101 891 2128 c'um

217 2135 362 2171 adissem,
383 2144 417 2165 ut
431 2135 475 2165 ibi
491 2137 636 2166 Mercurii
652 2146 891 2167 monumentum

217 2175 421 2213 inspicerem,
445 2175 543 2214 reperi
566 2185 704 2206 veterem
728 2176 863 2214 lapidem
885 2198 892 2209 ,

218 2224 313 2253 quem
338 2213 483 2244 votivum
510 2214 595 2245 fuisse
620 2224 716 2253 puto,
736 2215 785 2245 cui
812 2215 894 2247 rudis

220 2253 325 2292 imago
340 2253 484 2283 Mercurii
500 2253 668 2292 insculpta·‚
689 2255 896 2293 undequaque

221 2292 378 2331 longeque
402 2292 520 2325 disieeri
532 2292 672 2332 ingentes
688 2294 805 2331 lapides
819 2295 897 2331 jace—

221 2331 316 2361 bant:
334 2341 397 2361 aras
412 2331 497 2361 fuisse
509 2356 517 2367 ‚
539 2333 573 2362 ὃς
593 2332 804 2371 antiquiffimae
827 2333 897 2363 reli-

222 2369 343 2408 gionis,
359 2373 429 2400 cum
447 2371 586 2401 humanae
602 2371 703 2402 hostiae
716 2372 878 2403 litarentur
889 2396 896 2409 ‚

224 2418 428 2440 monumenta
438 2433 446 2446 ,
469 2411 613 2443 arbitror.
626 2412 697 2444 Haec
710 2414 782 2444 curn
796 2421 899 2446 cerne-

353 2469 391 2510 T
387 2485 459 2511 om.
483 2472 575 2512 JV.

917 573 992 598 rem,
1005 563 1143 594 animum
1155 562 1276 594 subibat
1291 564 1434 595 Lucanus
1444 568 1484 595 111
1495 590 1502 601 ‚
1521 575 1591 604 399.

951 616 1024 639 Lucus
1047 623 1113 642 erat,
1135 616 1206 647 longo
1224 623 1345 648 numquam
1367 617 1465 640 violatus
1487 616 1514 640 ab
1533 625 1590 642 ανσ-

926 665 1577 676 ..........................

929 699 1393 709 ...................
1418 702 1421 704 .
1443 701 1448 707 .
1470 700 1475 705 .
1495 700 1501 705 .
1519 700 1524 706 .
1547 702 1552 706 .
1570 700 1577 707 .

1368 718 1412 741 Hic
1428 717 1528 741 barbara
1544 718 1592 741 rim

951 751 1025 776 Sacra
1039 751 1105 776 deum
1117 769 1123 778 ‚
1138 751 1230 782 struflae
1243 751 1300 775 diris
1308 751 1425 783 feralibus
1439 759 1486 775 arae
1496 769 1502 778 ,

953 786 1074 818 Ommssjue
1095 786 1199 809 humanis
1216 785 1309 816 lustrata
1328 785 1447 810 cruoribus
1465 784 1539 809 arbos.

959 828 968 849 3
1001 824 1148 853 Humanis
1181 835 1307 859 QUOQUE
1336 833 1456 854 uosTus
1482 821 1596 860 ]1nde

920 864 1063 893 Lucanus
1084 865 1116 899 l,
1137 875 1207 901 444.

953 920 985 943 Et
1003 919 1082 952 quilus
1098 920 1193 944 immitis
1209 921 1439 953 placaturfiursruine
1458 921 1510 947 cliro

953 953 1059 977 Teutates
1071 972 1076 981 .
1096 954 1231 986 horrensque
1241 956 1303 986 seris
1319 956 1431 980 altaribus
1444 954 1516 986 Hesus

920 995 1067 1026 Teutates
1082 995 1121 1025 est
1136 996 1302 1026 Mercurius
1315 1008 1323 1034 ·‚
1346 997 1439 1027 Hesus
1453 1020 1461 1033 ‚
1484 997 1574 1027 Mars.

959 1039 973 1057 ⁴
1002 1037 1171 1066 concessu
1205 1047 1397 1066 ΑΝιΜΑιιΒυε
1428 1041 1436 1070 ]
1468 1036 1594 1066 Herculi

920 1084 1047 1113 quoque
1065 1075 1098 1104 δε
1123 1075 1214 1105 Marti
1231 1075 1372 1105 humanis
1398 1075 1501 1106 hostiis
1523 1075 1596 1105 lita-

921 1121 986 1142 tum
1012 1113 1096 1143 fuiffe
1113 1114 1308 1144 crediderim.
1326 1116 1370 1145 De
1390 1116 1485 1145 Marte
1502 1114 1596 1144 cons-

920 1160 965 1182 tat
975 1176 982 1188 ‚
1000 1152 1107 1182 saltem
1120 1153 1321 1192 flagrantibus
1332 1154 1434 1184 bellis.
1445 1154 1494 1183 Sic
1511 1153 1596 1183 enim

922 1192 1032 1221 Annal.
1050 1193 1119 1222 Xlll
1131 1216 1138 1227 ,
1160 1204 1206 1231 57.
1223 1193 1344 1222 Vic‘lores
1364 1192 1496 1232 diversam
1509 1193 1596 1221 aciem

921 1229 1012 1258 Mam·
1036 1240 1069 1258 ac
1092 1230 1232 1260 Mercurio
1253 1233 1402 1270 sacravere
1423 1256 1431 1269 ‚
1463 1243 1510 1270 quo
1535 1241 1598 1260 vom

921 1270 998 1306 equi,
1018 1270 1090 1305 viri,
1111 1270 1205 1299 cuncta
1228 1271 1297 1299 viela
1323 1271 1454 1300 occidioni
1483 1271 1598 1302 dantur.

923 1309 1090 1347 Procopius
1107 1319 1249 1349 quoque,
1268 1310 1343 1340 Bell.
1358 1310 1454 1341 Goth.
1470 1310 1539 1340 libr.
1557 1312 1599 1341 Π.

922 1347 1066 1378 homines
1089 1349 1180 1379 Marti
1201 1352 1348 1380 mactatos
1371 1358 1534 1380 memorat.
1557 1352 1599 1381 At

923 1396 955 1418 ut
971 1388 1118 1418 Germani
1142 1388 1285 1427 Scythica
1302 1389 1370 1419 sunt
1394 1389 1533 1428 origine,
1555 1389 1599 1419 ita

924 1437 1050 1466 quoque
1066 1428 1197 1458 multum
1211 1428 1361 1467 Scythice
1379 1428 1539 1468 religionis
1557 1438 1599 1458 re-

923 1468 1054 1497 tinuere.
1075 1468 1145 1497 Haec
1168 1467 1261 1506 igitur
1277 1492 1284 1501 ,
1312 1468 1331 1497 fi
1356 1469 1462 1503 lubet,
1489 1467 1599 1497 confer

924 1517 993 1536 cum
1009 1507 1045 1536 iis
1061 1517 1126 1545 quae
1139 1507 1177 1537 de
1187 1507 1306 1546 Scythis
1318 1507 1411 1538 habet
1423 1507 1600 1538 Herodotus

924 1548 965 1576 IV
977 1570 985 1581 ‚
1005 1558 1040 1585 59
1053 1547 1087 1576 &c
1100 1546 1181 1585 seqq.
1197 1557 1263 1586 pag.
1279 1558 1338 1583 240
1353 1550 1386 1577 ὅ(
1401 1557 1470 1584 24¹·

967 1591 975 1612 5
1001 1588 1079 1615 lsrm
1103 1597 1282 1617 snciziricm·
1300 1587 1312 1623 ]
1330 1586 1427 1616 Aliam
1438 1588 1604 1625 Europanv'

926 1635 986 1664 que
1015 1634 1181 1664 pervagata
1207 1626 1248 1655 est
1277 1626 1388 1664 religio
1410 1627 1604 1665 AEgyptiaca.

926 1666 1064 1703 Repertae
1079 1664 1111 1694 in
1123 1665 1289 1695 Germania
1304 1665 1523 1704 Inscriptiones
1536 1676 1603 1696 non

927 1705 1024 1735 modo
1046 1716 1142 1739 mim,
1161 1705 1211 1734 sed
1235 1706 1268 1735 &
1294 1716 1312 1734 ι.
1338 1718 1367 1735 0.
1391 1715 1604 1735 M.SxR.rx[¹1D1-

928 1744 1350 1783 MultaaliaAEgyptiacorum
1359 1744 1513 1774 sacrorum
1522 1744 1605 1781 apud

928 1785 1100 1814 Germanos
1110 1793 1316 1814 monumenta
1331 1783 1458 1814 exhibet
1467 1783 1604 1813 cruditus

928 1823 1144 1861 Schoepflinus
1156 1847 1164 1858 ‚
1179 1823 1287 1861 Alfizria
1309 1822 1447 1862 Illastra‘tz
1470 1824 1564 1853 Tom-
1579 1824 1605 1852 Ι.

928 1873 996 1901 pag.
1014 1873 1085 1899 499-
1102 1863 1230 1893 Cultum
1246 1870 1348 1892 autem
1365 1861 1447 1893 {fidis
1462 1861 1494 1891 in
1511 1862 1606 1892 libur-

929 1912 999 1932 nam
1026 1902 1161 1940 figuratae
1194 1902 1320 1932 illustrat
1346 1903 1392 1932 Cl.
1422 1901 1571 1931 Muratori
1592 1925 1604 1935 ,

927 1941 1055 1978 Thefizur.
1077 1940 1200 1979 Infiript.
1215 1943 1310 1972 Tom.
1328 1943 1350 1971 Ι.
1374 1952 1439 1980 pag.
1456 1953 1538 1972 xxv.
1557 1940 1608 1970 lbi

930 1980 1036 2011 videre
1057 1981 1097 2010 est
1111 1981 1199 2011 deam
1224 1992 1371 2011 cmrrmn
1386 2005 1393 2014 ,
1415 1991 1480 2020 quae
1498 1980 1608 2010 eadem

930 2020 970 2050 est
987 2031 1021 2050 ae
1038 2019 1099 2049 lfis.
1120 2020 1234 2050 Dextra
1251 2019 1361 2049 sistrum
1382 2021 1415 2050 ὅ(
1437 2020 1609 2057 serpentem

930 2068 1035 2096 tenet3
1056 2058 1185 2093 finistfa,
1203 2060 1375 2088 mensuram
1390 2059 1457 2089 Nili
1473 2058 1610 2089 crescen-

932 2099 985 2128 tis:
1008 2098 1093 2136 supra
1114 2107 1204 2134 caput
1221 2098 1374 2129 calathum
1404 2098 1498 2137 gerit:
1526 2106 1610 2128 retro

933 2138 973 2169 est
989 2137 1121 2167 liburna.
1143 2139 1224 2167 Cum
1248 2138 1394 2168 Germani
1411 2138 1484 2168 deos
1506 2137 1539 2167 in
1556 2137 1612 2166 hu-

933 2177 1017 2206 mani
1034 2176 1094 2206 oris
1106 2176 1239 2214 speciem
1252 2187 1315 2207 non
1326 2177 1554 2210 adsimularent,
1564 2175 1613 2205 lsi-

935 2217 1024 2251 dem,
1042 2216 1203 2255 figuratam
1222 2217 1253 2245 in
1273 2217 1446 2251 liburnam,
1470 2214 1612 2245 venerati

936 2255 1003 2284 sunt
1020 2255 1122 2284 Suevi.
1149 2255 1231 2293 Ipsos
1260 2264 1380 2291 autem,
1402 2255 1455 2294 qui
1487 2255 1588 2284 Albim
1602 2276 1612 2289 ,

937 2294 1178 2332 Danubiumque
1195 2295 1394 2331 accolerent,
1418 2305 1435 2325 a
1459 2303 1614 2323 mercato-

937 2333 1020 2363 ribus
1037 2333 1224 2364 Romanisve
1240 2335 1366 2365 edoctos
1383 2358 1391 2369 ,
1415 2333 1523 2363 Isidem
1537 2356 1544 2366 ,
1563 2342 1614 2362 na·

939 2372 1110 2411 vigantium
1128 2373 1217 2403 deam
1235 2397 1242 2407 ,
1268 2374 1393 2404 colu1ss'e
1408 2373 1536 2402 minime
1551 2371 1615 2400 mi·-

938 2422 1007 2444 rum
1021 2412 1071 2444 est.
1087 2414 1212 2445 Sacrum
1224 2412 1302 2444 illud
1320 2413 1537 2453 pervulgatum
1550 2434 1558 2448 ,
1581 2418 1618 2442 ac

1380 2471 1416 2513 C
