1952 2708
393 183 475 218 190
581 165 802 206 NOTAE
843 163 929 206 ET
975 164 1564 210 EMENDATIONES

432 240 541 277 CAP.
571 241 667 278 XXI.
695 240 779 278 NEC
809 253 1082 278 IMPLACABILES
1106 248 1122 289 ]
1154 244 1245 279 Cum
1268 245 1364 293 apud
1387 245 1588 282 Germanos
1611 244 1769 280 homici-

383 293 441 327 dia
463 290 618 340 primum
639 301 880 327 armentorum
900 305 1144 342 pecorumque
1164 306 1335 338 numero,
1363 307 1405 331 ac
1428 295 1558 332 deinde
1579 297 1769 344 augescen-

381 341 477 377 tibus
498 341 629 389 opibus
643 369 652 384 ‚
679 341 834 389 pecunia
856 341 1035 377 luerentur
1051 369 1060 385 ,
1088 356 1133 378 ne
1154 354 1272 378 tamen
1291 357 1431 380 reorum
1455 356 1661 393 paupertate
1682 344 1768 394 glis-

383 403 479 427 ceret
513 390 663 426 audacia
687 418 696 433 ‚
722 391 812 426 bene
837 391 1039 427 consultum
1068 422 1075 433 ,
1107 403 1146 427 ut
1171 393 1359 429 satisfaffio
1383 394 1421 428 in
1443 393 1676 431 interfeetoris
1699 394 1769 430 do-

381 453 478 476 mum
500 440 670 477 transiret.
695 441 838 487 Quibus
860 452 976 476 autem
1000 441 1126 476 ritibus
1148 441 1185 476 id
1206 454 1451 491 perageretur,
1477 443 1586 480 docet
1609 444 1682 480 Lex
1706 446 1768 479 Sa-

383 490 454 526 lica
470 518 479 533 ,
508 491 583 525 Tit.
608 490 703 525 LXI.
739 491 776 525 de
800 492 899 525 Clzren
923 491 1025 525 crude.
1052 490 1093 525 ld
1119 490 1187 534 est,
1216 493 1251 526 de
1274 506 1384 529 vacuo,
1403 495 1490 542 Leg.
1515 506 1545 528 Ι.
1574 495 1607 528 Si
1628 496 1694 542 quis
1713 496 1768 528 ho-

382 544 500 574 minem
516 540 684 583 occiderit,
710 541 745 574 {7
765 543 797 574 in
820 540 887 574 totd
903 538 1064 586 facultate
1088 554 1149 575 non
1166 542 1310 576 habuerit
1325 568 1333 582 ,
1359 542 1438 577 unde
1462 555 1562 577 totam
1587 545 1768 591 legem-im-

378 591 491 636 pleat,
511 590 671 625 duodecim
688 593 849 637 juratores
869 590 957 624 dabit
972 617 981 632 ‚
1006 590 1087 637 quod
1109 603 1161 624 nec
1175 591 1288 636 subtus
1310 604 1427 626 terram
1441 619 1450 634 ,
1479 605 1573 640 neque
1586 595 1687 638 supra
1709 603 1769 627 ter-

381 652 452 674 ram
467 641 539 684 plus
558 641 593 674 tle
603 639 763 686 facultate
782 640 896 674 habeat
910 667 919 682 ‚
944 640 1039 687 quarn
1057 639 1201 676 donavit.
1220 642 1265 675 Et
1281 641 1388 688 postea
1403 642 1490 676 dehet
1508 645 1544 676 in·
1557 643 1659 688 casam
1670 643 1767 688 suam

381 691 503 725 intrare
517 717 525 731 ‚
554 690 589 724 &²
606 690 641 723 de
659 701 794 735 quatuor
811 690 938 736 angulis
955 702 1046 723 terra:
1062 691 1228 735 pulverem
1245 693 1278 725 in
1290 704 1397 738 pugno
1415 693 1562 738 colligere
1575 719 1585 734 ,
1610 693 1644 726 &-
1663 690 1769 738 postea

380 741 415 774 in
435 739 616 784 duropello‚
645 738 681 773 id
703 737 751 774 est
774 738 860 784 casae
883 738 1007 775 limine
1022 766 1031 782 ‚
1052 739 1140 786 stare
1155 768 1164 783 ‚
1195 741 1230 775 Ετ
1255 743 1339 775 intus
1363 741 1465 787 casam
1489 754 1618 787 captare
1634 772 1642 783 ‚
1664 740 1701 776 id
1721 740 1770 777 est

381 788 555 836 respicere
571 816 580 831 ‚
606 789 717 831 debet,
743 787 842 836 &fic
862 788 1044 835 definistrd
1074 803 1171 824 manu
1195 801 1285 825 trans
1301 792 1378 837 suas
1394 791 1543 837 scapulas
1562 792 1687 838 jaffare
1706 793 1769 836 su-

377 851 436 884 per
454 841 684 884 proximiorem
703 851 877 882 parentem.
897 838 1036 886 Quodsi
1056 842 1128 886 jam
1152 851 1246 886 pater
1262 868 1271 885 ‚
1302 852 1359 874 aut
1377 853 1498 883 mater,
1516 841 1573 887 seu
1586 841 1696 887 frater
1711 854 1769 887 pro

382 890 446 935 ipfh
465 889 652 934 solverunt,
673 888 769 934 fiiper
785 889 924 934 fhrorem
945 900 1017 922 tunc
1035 891 1171 932 matris,
1197 902 1253 924 aut
1265 891 1362 939 super
1377 893 1442 938 ejus
1458 890 1553 937 filios
1572 891 1658 925 debet
1677 891 1772 925 illam

382 949 500 972 terram
517 939 642 985 jacflare
657 952 670 971 .·
696 937 822 984 quodsi
844 937 895 984 isti
919 951 979 972 non
998 938 1158 985 fuerunt,
1178 940 1275 986 super
1297 952 1359 974 tres
1386 941 1422 975 de
1443 943 1644 988 generatione
1664 942 1770 986 patris

383 988 421 1022 ὃ
448 991 580 1029 matris,
605 991 657 1035 qui
677 990 887 1032 proximiores
906 989 1010 1034 fitnt:
1036 989 1200 1037 &Jpostea
1224 993 1256 1024 in
1279 989 1408 1036 camisid
1435 991 1625 1036 discint‘lus,
1654 990 1771 1037 discal-

383 1049 488 1071 ceatus
504 1065 514 1080 ‚
539 1039 613 1082 palo
637 1040 670 1071 in
691 1049 786 1070 manu
799 1038 901 1083 supra
918 1039 1022 1084 sepem
1039 1035 1164 1084 salire,
1191 1051 1226 1074 ut
1250 1052 1309 1086 pro
1343 1040 1508 1074 medietate
1532 1052 1685 1088 quantum
1709 1052 1770 1086 pro

383 1086 599 1133 compositione
616 1087 736 1121 deberet
750 1113 759 1128 ,
783 1098 840 1120 aut
855 1099 1008 1134 quantum
1027 1088 1080 1121 lex
1100 1088 1225 1124 addicat
1241 1116 1250 1131 ‚
1277 1090 1329 1123 illi
1349 1100 1410 1124 tres
1424 1090 1558 1135 solt-*ant
1572 1090 1609 1124 de
1626 1088 1772 1124 maternd

380 1138 584 1182 generatione
608 1150 622 1169 .·
651 1137 705 1169 hoc
725 1136 761 1170 θ’
783 1137 834 1170 illi
849 1136 931 1180 alii,
949 1139 1001 1184 qui
1019 1136 1055 1170 de
1075 1139 1211 1182 paternd
1226 1141 1427 1186 generatione
1443 1142 1575 1174 veniunt
1592 1139 1700 1185 facere
1718 1139 1772 1174 dc-

383 1185 467 1220 bent.
495 1185 593 1234 Lege
615 1195 733 1221 autem
759 1196 791 1220 2.
814 1186 849 1221 Si
865 1191 938 1221 vero
958 1187 1074 1234 aliquis
1094 1200 1134 1221 ex
1151 1188 1217 1222 illis
1237 1185 1530 1236 pauperior³fuerit
1545 1216 1553 1228 ‚
1581 1190 1617 1222 ἕν’
1635 1202 1695 1223 ηοη
1713 1190 1772 1224 ha-

384 1235 435 1269 bet
460 1235 538 1269 unde
556 1236 669 1282 solvat
689 1235 845 1278 debiturn,
868 1238 1051 1284 quicumque
1073 1237 1109 1271 de
1128 1238 1195 1271 illis
1226 1239 1297 1283 plus
1327 1239 1392 1272 alio
1416 1239 1507 1273 habet
1531 1238 1676 1285 exfhlvat
1694 1268 1703 1280 ‚
1735 1239 1773 1273 ξφ

383 1285 500 1318 iterum
514 1286 612 1330 super
634 1285 727 1318 illum
743 1286 861 1319 Clzrene
887 1285 1020 1327 chruda,
1038 1286 1093 1320 ille
1116 1289 1168 1334 qui
1183 1286 1404 1333 estpauperior
1417 1289 1519 1335 jaHet
1535 1315 1545 1330 ,
1574 1300 1608 1321 ut
1636 1289 1692 1322 ille
1719 1299 1772 1322 to-

384 1344 451 1368 tam
476 1335 574 1381 legem
587 1335 711 1379 solvat.
734 1335 827 1378 Quod
841 1333 876 1381 fi
895 1337 942 1370 Jn'c
957 1337 1051 1370 etiam
1069 1348 1128 1370 non
1148 1337 1240 1371 habet
1256 1364 1265 1379 ‚
1295 1349 1329 1371 ut
1345 1338 1562 1384 legemfhlvat
1577 1365 1587 1380 ,
1611 1337 1647 1372 ὃν
1670 1349 1772 1372 totam

383 1383 484 1431 legem
503 1395 685 1429 componat,
715 1395 788 1418 tunc
814 1385 926 1426 illum,
950 1387 1003 1432 qui
1020 1386 1221 1420 homicidium
1232 1386 1314 1433 fecit
1329 1417 1337 1429 ,
1360 1388 1465 1429 tollit,
1490 1390 1542 1435 qui
1565 1400 1633 1422 eum
1656 1387 1773 1434 infide

379 1433 440 1480 sud
460 1433 551 1467 hahet
568 1460 577 1475 ‚
605 1433 641 1467 δ”
660 1446 717 1478 pet·
737 1444 872 1481 quatuor
887 1435 1010 1469 Mallos
1022 1436 1319 1482 praes'entemfaciat
1332 1450 1346 1478 ‚·
1375 1437 1411 1472 ἔπ’
1426 1436 1460 1484 fi
1479 1450 1546 1471 eum
1569 1450 1626 1482 per
1646 1450 1772 1483 compo-

373 1481 526 1529 sitionem
554 1493 611 1516 aut
626 1483 730 1529 fidem
752 1484 859 1517 nullus
868 1485 1002 1530 suorum
1025 1486 1154 1526 tulerit,
1181 1486 1235 1519 hoc
1252 1485 1294 1531 est
1310 1515 1318 1526 ,
1337 1499 1406 1520 eum
1422 1486 1556 1521 redimat
1573 1516 1581 1528 ‚
1597 1499 1653 1520 aut
1663 1500 1721 1532 pro
1738 1499 1772 1521 eo

379 1532 535 1577 persolvit
558 1557 567 1572 ,
596 1543 669 1566 tunc
696 1532 731 1566 de
759 1533 831 1566 vitii
853 1536 1019 1579 componit.
1043 1533 1145 1569 Licet
1164 1545 1282 1570 autem
1310 1534 1346 1569 in
1363 1535 1432 1570 hac
1456 1534 1536 1585 lege
1562 1537 1662 1570 Clzren
1679 1536 1774 1571 crude

384 1579 579 1629 plurimum
611 1581 694 1617 esset
720 1581 884 1617 utilitatis
903 1609 911 1625 ,
943 1582 1114 1618 nonnihil
1133 1594 1250 1620 tamen
1267 1595 1341 1620 erat
1359 1584 1438 1620 vitii
1454 1613 1462 1628 ,
1495 1584 1595 1634 quod
1612 1585 1773 1621 homici-

385 1630 508 1665 darum
533 1630 654 1667 furore
670 1659 678 1673 ‚
701 1634 734 1667 ὃ(
751 1631 839 1680 legis
862 1631 1065 1675 severitate,
1093 1633 1213 1670 multae
1227 1645 1470 1670 everterentur
1488 1634 1644 1671 familiae.
1663 1634 1773 1671 Unde

384 1679 501 1728 legem
518 1680 615 1715 illam
642 1680 764 1729 postea
790 1681 982 1731 abrogavit
1009 1682 1261 1719 Childebertus
1276 1697 1336 1720 rex
1354 1712 1364 1727 ‚
1387 1686 1512 1722 Deerat.
1539 1683 1624 1733 Leg.
1656 1696 1713 1732 15.
1734 1685 1771 1719 de

386 1731 605 1765 Chrenecruda‘
625 1732 678 1765 lex
691 1761 698 1772 ‚
725 1744 817 1778 quam
831 1745 1031 1780 paganorum
1052 1745 1186 1779 tempore
1201 1734 1404 1780 observabant
1420 1761 1430 1777 ‚
1453 1735 1592 1780 deinceps
1611 1747 1772 1782 nunquam

1773 184 1798 203 Q

384 1781 515 1823 valeat,
535 1783 608 1828 quia
621 1794 674 1825 per
692 1781 789 1828 ipsam
813 1782 921 1816 cecidit
948 1783 1119 1817 multorum
1135 1783 1282 1829 potestas.
1297 1783 1427 1819 Melius
1438 1796 1525 1833 ergo
1542 1796 1560 1818 a
1577 1783 1771 1819 Canaden-
1795 1822 1798 1823 ⁷

388 1828 477 1864 fibus
500 1829 683 1878 provisum
698 1858 707 1873 ,
731 1843 839 1878 penes
861 1843 951 1879 quos
973 1844 1048 1868 non
1076 1832 1308 1868 interfeftoris
1327 1833 1454 1869 domus
1469 1861 1477 1875 ‚
1506 1832 1565 1869 sed
1581 1833 1655 1881 ipse
1670 1833 1772 1868 vicus

389 1879 567 1915 satisfacit.
591 1880 699 1915 Tunc
721 1880 816 1915 enim
842 1880 940 1916 nulla
969 1881 1104 1931 ingruit
1127 1873 1252 1924 fuina3
1279 1895 1342 1919 reo
1371 1894 1487 1919 autem
1514 1882 1592 1931 plus
1611 1883 1771 1930 pudoris.

386 1928 480 1964 Vide
500 1931 536 1964 P.
557 1929 600 1964 de
630 1929 872 1971 Charlevoix‚
902 1932 1035 1966 Journal
1067 1931 1234 1980 historique
1262 1933 1337 1968 d'un
1361 1946 1482 1981 voyage
1507 1934 1542 1967 de
1564 1934 1770 1981 l'Ame'rique.

390 1976 508 2013 Lettre
530 1978 665 2014 XVIII.
682 1992 763 2028 pag.
783 1992 870 2027 274.
894 1982 986 2026 Quae
1010 1980 1130 2017 forent
1152 1981 1248 2029 apud
1264 1983 1463 2018 Germanos
1487 1982 1771 2018 homicidiorum

390 2027 505 2075 pretia
524 2029 593 2074 jam
610 2028 765 2065 vidimus
779 2029 882 2078 supra
896 2043 977 2079 pag.
997 2033 1080 2067 182.
1108 2031 1202 2068 Vide
1215 2035 1247 2067 δε
1262 2031 1352 2068 infra
1366 2045 1446 2082 pag.
1481 2045 1563 2078 ¹92·

442 2077 659 2124 Hosmws]
686 2079 798 2128 Apud
825 2092 913 2122 nos,
937 2079 1092 2116 invicem
1108 2083 1403 2128 percommercia
1428 2083 1601 2123 innexos,
1625 2082 1773 2128 languet

384 2125 608 2173 hospitalitas
624 2154 632 2169 ‚
664 2129 763 2177 viget
788 2130 882 2176 apud
911 2129 1080 2166 barbaros
1110 2131 1308 2167 latrociniis
1330 2131 1489 2168 infames.
1514 2132 1631 2178 Hujus
1650 2130 1774 2165 discri-

385 2175 490 2210 minis
505 2177 606 2211 causa
623 2178 659 2212 in
679 2188 815 2226 aperto.
839 2179 985 2215 Scilicet
1000 2181 1217 2217 commercia
1231 2182 1391 2230 populos
1408 2183 1637 2229 conjungunt
1655 2193 1666 2222 3
1701 2179 1773 2227 pri-

385 2235 491 2260 vatos
512 2226 679 2262 dividunt
694 2255 702 2270 ,
729 2241 838 2276 penes
864 2241 954 2278 quos
971 2231 1271 2267 commerciorum
1287 2231 1351 2266 usu
1369 2230 1490 2265 omnia
1509 2230 1599 2265 fiunt
1617 2229 1770 2265 venalia.

383 2274 431 2310 Et
456 2276 589 2323 quanto
626 2277 738 2325 magis
767 2278 862 2326 apud
885 2290 1027 2325 gentem
1051 2279 1206 2329 aliquam
1237 2280 1376 2316 fervent
1396 2280 1612 2316 commercia
1628 2307 1636 2322 ‚
1668 2280 1770 2315 tanto

386 2324 498 2372 magis
513 2325 556 2359 ab
572 2325 818 2373 hospitalitate
843 2325 1022 2365 abhorret.
1053 2329 1192 2365 Contra
1210 2329 1349 2364 barbari
1371 2329 1586 2365 commercia
1604 2341 1679 2364 non
1701 2342 1772 2364 no-

386 2384 469 2410 runt
490 2387 498 2410 :
526 2374 717 2411 latrocinia
737 2388 902 2414 exercent
916 2405 926 2421 ,
956 2377 1039 2414 cum
1054 2378 1221 2428 indigent
1244 2392 1252 2415 :
1281 2378 1476 2429 hospitales
1495 2379 1575 2414 sunt
1588 2406 1599 2423 ,
1616 2379 1715 2428 quod
1731 2379 1771 2416 in
