1952 2708
241 235 356 250 Ξ

242 270 272 294 Α,
285 270 314 291 U.
326 269 354 292 C.

261 325 335 354 793-

269 375 328 399 J.C.

271 432 323 460 40.

660 122 1471 168 SUPPLEMENTUM

377 209 524 267 gressus
542 238 555 260 ‚
586 223 609 246 c<
637 223 710 250 vos
736 225 757 246 ³)
775 238 788 260 ,
831 209 988 262 inquit,
1019 224 1041 244 <c
1080 207 1250 248 denariis
1284 204 1439 260 aliquot
1478 202 1614 245 lufistis
1641 216 1652 251 ;
1692 217 1772 261 ego

376 274 535 314 »sexies
563 271 711 314 millies
738 272 948 312 nummum
979 276 987 292 ¹
1022 271 1109 310 sum
1136 269 1327 310 lucratus.

440 336 665 378 XXXIV.
701 337 806 376 NEC
829 349 967 391 poenas
993 332 1125 390 plebei
1149 333 1294 387 effugit
1312 329 1550 373 Ptolemaeus
1577 335 1591 352 ²
1609 360 1622 383 ,
1650 346 1770 386 quem

377 401 499 442 Caius
522 415 544 441 e
564 414 691 454 regno
711 398 960 440 arceffiverat
973 427 986 447 ‚
1016 396 1321 449 honorificeque
1350 408 1563 450 exceperat
1579 424 1591 445 ,
1620 409 1664 435 ut
1686 394 1771 451 plu-

375 466 572 505 rimorum
604 477 745 518 regum
775 463 972 504 comitatu
1005 458 1238 515 superbiret.
1274 459 1330 498 At
1364 457 1516 498 invidia
1554 471 1640 498 tum
1675 457 1770 509 illi,

374 542 462 569 turn
477 527 737 568 Mauretaniae
754 555 767 576 ,
786 526 955 566 exitium
980 522 1138 564 adtulit.
1166 522 1364 577 Ingressus
1387 521 1495 561 enim
1520 520 1768 577 spectacula,

373 589 519 633 oculos
546 590 782 631 adstantium
806 588 965 642 fulgore
991 601 1194 642 purpureae
1221 584 1361 626 abollae
1389 590 1399 613 ³
1426 583 1533 624 forte
1562 597 1772 625 converte-

372 667 446 696 rat.
473 656 526 695 Se
553 667 678 694 unum
704 667 787 693 non
817 652 941 706 aspici
971 651 1179 692 cohorruit
1200 649 1404 704 Princeps.
1422 648 1554 689 Vestis
1580 646 1770 704 splendor

372 719 416 758 in
442 719 594 758 crimen
625 717 766 772 capitis
795 719 813 743 4
841 716 968 755 statim
1022 713 1129 754 cellit
1168 730 1176 753 ε
1215 727 1292 753 nec
1318 712 1433 767 regio
1459 711 1659 765 adfinique
1683 712 1769 752 san-

373 782 497 836 guine
527 785 539 812 5
570 780 659 821 satis
689 779 900 835 expiatus,
933 778 1003 818 nifi
1038 777 1293 818 Mauretania
1326 777 1367 815 in
1399 774 1494 815 duas
1525 775 1770 816 divideretur

374 845 603 900 provincias
630 841 672 893 ⁶,
705 857 788 896 quae
813 842 1101 883 dominationis
1126 841 1321 881 Romanae
1344 837 1480 893 teque,
1504 853 1551 879 ac
1573 839 1770 895 PrincipiS

374 908 563 948 saevitiam
590 906 844 948 infamarent.
868 904 1010 946 Paullo
1036 902 1192 953 laetior‚
1222 903 1273 943 ob
1298 902 1408 959 spem
1432 900 1649 943 meliorum
1671 914 1770 942 tem-

376 985 520 1027 porum
537 1000 550 1021 ,
582 970 664 1011 sors
691 970 900 1010 Antiocho
928 974 942 996 ⁷
981 972 1022 1009 ὃς
1052 967 1282 1008 Mithridati
1310 964 1324 988 ⁸
1352 964 1512 1020 obtigit.
1539 963 1644 1016 Ille,
1669 965 1770 1005 sem-

382 136 465 183 318

415 1119 423 1134 ¹
449 1115 559 1144 ernzs
581 1123 705 1144 murts
728 1113 900 1149 nonnum]
924 1110 1052 1142 Gallicae

374 1162 510 1184 monetae
524 1154 616 1183 libras
633 1157 851 1191 116‚730‚150.
871 1152 932 1181 Dio
944 1174 952 1187 ‚
969 1152 1052 1180 LIX.

375 1204 442 1232 pag.
465 1197 536 1233 657.
557 1194 639 1230 ’Ὑμεῖς
659 1193 714 1231 περ)
734 1192 824 1227 {heym
845 1191 966 1230 δραχμῶν
978 1193 1052 1225 ἀγω-

375 1233 464 1270 νίζειθε
487 1255 496 1268 ,
525 1232 572 1267 ἐγὼ
593 1232 622 1261 3⁹2
645 1236 677 1263 εἷς
693 1232 783 1270 μυρίοις
799 1246 840 1267 >194
854 1230 1054 1269 πεντακιχι).ιάς

372 1272 501 1311 μυριάέιις
523 1272 629 1302 ἔθηκα-οι.

415 1315 426 1328 ²
453 1313 647 1342 PTOLEMAEUS
674 1312 688 1348 ]
722 1310 807 1339 Jubae
848 1307 980 1346 junioris
1019 1307 1053 1338 8<

375 1350 550 1389 Cleopatrae
563 1350 643 1380 filius
657 1374 666 1386 ‚
686 1349 773 1381 Jubae
786 1348 914 1379 senioris
932 1357 1028 1385 nepos
1044 1370 1052 1384 ,

374 1389 575 1420 Mauretaniae
599 1400 673 1426 rex,
698 1389 788 1419 vultu
808 1387 1018 1426 pulcherrimo
1043 1399 1051 1414 .-

375 1430 440 1466 ejus
466 1438 557 1466 caput
585 1439 706 1459 aeneum
729 1428 822 1458 exstat
844 1428 951 1458 Romce
973 1425 1054 1464 apud

375 1467 605 1499 Carthufianos.
635 1468 855 1498 Diadematum
886 1466 947 1496 hoc
964 1474 1054 1504 caput

374 1507 472 1538 aureis
488 1507 677 1547 gemmeisve
696 1505 886 1537 ornamentis
902 1505 961 1535 fuit
980 1505 1054 1535 infi-

375 1558 455 1586 gne:
474 1548 583 1577 oculos
605 1547 699 1577 habet
719 1554 883 1586 argenteos
902 1555 972 1575 cum
998 1555 1055 1583 pu-

375 1586 456 1626 pulis
470 1586 680 1625 hyacinthinis
692 1598 701 1624 ;
715 1587 800 1617 labra
815 1584 913 1615 aureis
925 1584 1055 1614 brachiis

1094 1121 1170 1147 rent,
1193 1111 1317 1148 occipitio
1341 1112 1400 1150 rufi)
1424 1110 1598 1148 deturpabat.
1629 1110 1677 1140 De
1699 1109 1770 1140 Caii

1093 1152 1220 1183 calvitie
1237 1151 1356 1182 dicetur
1370 1150 1451 1180 infra
1465 1160 1530 1190 cap.
1545 1154 1592 1180 80.

1135 1197 1143 1218 5
1169 1194 1346 1227 ADFINIQUE
1369 1191 1548 1227 sAuouruE]
1565 1189 1642 1219 Inde
1660 1189 1772 1218 Sueto-

1094 1230 1162 1261 nius
1176 1231 1209 1260 in
1222 1231 1302 1261 Caio
1315 1254 1323 1268 ‚
1338 1231 1452 1261 XXVI.
1470 1228 1645 1258 Ptolemaeum
1656 1251 1666 1265 ‚
1689 1227 1772 1257 ..lubae

1084 1270 1178 1308 filium
1203 1270 1341 1310 appellat
1361 1293 1370 1306 ,
1395 1268 1465 1300 Caii
1490 1268 1674 1307 conftbrirzum
1689 1275 1772 1296 :erat

1093 1310 1163 1339 enim
1186 1308 1215 1338 [r
1236 1311 1261 1338 is
1279 1309 1323 1339 M.
1345 1308 1463 1338 Antonii
1482 1319 1516 1337 ex
1528 1306 1704 1346 Selendfilici
1723 1316 1775 1335 ne·

1090 1359 1149 1385 pos.
1172 1349 1364 1388 Cleopatra,
1388 1347 1613 1387 cognominata
1641 1346 1740 1375 Selene
1757 1368 1768 1381 ,

1094 1389 1125 1418 id
1149 1389 1208 1423 est,
1232 1389 1297 1417 luna
1309 1412 1318 1426 ,
1342 1387 1407 1418 filia
1420 1396 1483 1419 erat
1499 1387 1674 1425 Cleopatrae
1686 1409 1695 1423 ‚
1714 1387 1772 1415 ΙΕ-

1093 1428 1179 1467 gypti
1200 1428 1313 1467 reginae
1324 1451 1332 1463 ‚
1344 1429 1377 1458 ὃς
1387 1428 1430 1457 Μ.
1441 1425 1575 1457 Antonii
1592 1425 1772 1462 triumviri,

1093 1468 1147 1506 qui
1174 1467 1243 1497 Caii
1271 1467 1420 1506 Caligulae
1442 1476 1507 1497 erat
1529 1475 1673 1506 proavus.
1691 1464 1772 1495 Vide

1093 1510 1231 1537 stemma
1242 1506 1412 1543 Caesarum,
1425 1516 1512 1536 num.
1532 1516 1563 1543 31
1583 1528 1591 1541 ,
1610 1515 1648 1542 42
1661 1528 1670 1541 ,
1685 1506 1719 1534 81
1738 1504 1774 1535 &

1096 1549 1144 1577 86.
1163 1545 1294 1576 Nummi
1311 1545 1437 1584 plurimi
1455 1545 1608 1576 habentur
1619 1567 1628 1580 ‚
1650 1543 1683 1574 in
1699 1543 1773 1582 qui-

1094 1587 1150 1616 bus
1180 1587 1262 1616 REX
1293 1587 1400 1616 IVBA.
1428 1585 1462 1616 &
1481 1584 1515 1614 in
1550 1583 1658 1614 aversi
1687 1591 1773 1622 parte

374 1625 493 1655 vestita.
516 1627 562 1656 De
576 1626 737 1656 Ptolemaei
759 1624 893 1655 nummis
913 1624 986 1654 vide
1006 1624 1055 1654 CI.
1096 1632 1312 1654 KAronATrA
1334 1630 1524 1655 BACIAICCA
1539 1647 1547 1660 ,
1562 1623 1594 1652 id
1607 1623 1668 1659 est,
1689 1621 1774 1651 Cleo-

374 1665 510 1696 Pellerin
529 1689 538 1701 ,
565 1665 676 1694 Recueil
700 1664 732 1694 de
752 1663 902 1693 Me‘dailles
916 1663 947 1692 de
964 1662 1032 1692 Rois
1044 1687 1054 1700 ‚
1073 1663 1077 1693 Ι
1092 1674 1176 1702 parra
1193 1665 1289 1704 regina
1305 1688 1314 1702 ‚
1341 1674 1412 1695 cum
1428 1662 1592 1695 crescentis
1610 1662 1690 1692 lunae
1707 1661 1774 1692 effi-

375 1715 443 1744 pag.
458 1709 505 1744 56.
521 1706 555 1736 ὃς
567 1705 762 1735 Harduinurn
779 1728 788 1742 ‚
812 1702 918 1732 Seleessa
935 1702 1027 1740 Opera
1043 1727 1052 1740 ,
1093 1705 1155 1744 gie.

376 1754 445 1783 pag.
462 1755 529 1781 103.

1133 1746 1145 1763 ⁶
1166 1745 1391 1780 Pnovmcms]
1422 1741 1558 1777 Plin.V‚
1584 1751 1608 1770 1.
1630 1738 1773 1775 Principio

417 1789 426 1809 3
452 1785 611 1820 Assouffi]
626 1782 751 1813 Nonius
761 1806 769 1819 ‚
789 1784 879 1819 XIV,
899 1794 929 1820 9.
943 1781 1052 1818 Abolla,
1093 1792 1228 1812 terrarum
1238 1782 1424 1811 Mauritaniae
1440 1780 1613 1822 appellantur
1625 1803 1634 1816 ‚
1648 1779 1724 1818 usilue
1739 1777 1776 1807 ad

376 1822 456 1861 vestis
484 1823 623 1852 milis-aris.
662 1822 794 1852 Videtur
813 1823 995 1853 Ptolemceus
1014 1832 1053 1852 ex

377 1862 468 1892 luxus
485 1861 694 1892 instrumentis
718 1861 851 1901 gloriam
877 1861 1053 1901 quaesiviss'e.

377 1902 533 1932 Citrinam
554 1902 638 1931 enim
661 1901 725 1938 ejus
741 1901 896 1937 mensam,
912 1900 1053 1931 omnium

377 1940 592 1980 magnitudine
619 1940 833 1979 ampliffimam
860 1941 964 1970 laudat
990 1939 1054 1969 Pli-

378 1980 464 2016 nius,
485 1981 578 2015 XIII,
608 1990 653 2019 15.
678 1980 725 2010 De
746 1979 807 2010 hoc
831 1980 919 2010 luxus
942 1990 1054 2018 genere

379 2019 502 2049 dicetur
523 2019 604 2049 infra
630 2019 663 2049 in
687 2019 911 2058 Supplemento
940 2019 1054 2049 Annal.

377 2060 421 2088 IX
438 2082 446 2095 ‚
467 2062 516 2089 28.

414 2102 429 2121 4
450 2101 483 2127 ΙΝ
517 2109 636 2129 cumen
670 2108 790 2128 cwrris
815 2100 828 2135 ]
864 2098 952 2131 D10‚
970 2097 1052 2126 LIX.

376 2147 446 2177 pag.
466 2141 535 2176 659.
558 2137 724 2168 Suetonius
743 2138 776 2167 in
803 2137 882 2168 Caio
900 2162 909 2173 ,
926 2138 1053 2167 XXXV.

377 2175 555 2207 Ptolemaeum
574 2196 583 2209 ‚
614 2176 763 2217 arceffitum
785 2187 800 2206 e
819 2187 925 2216 regno,
950 2176 980 2205 ὓ*
1003 2185 1055 2204 ex-

377 2224 482 2252 ceptum
509 2215 653 2254 honorifice
670 2240 679 2251 ‚
713 2226 766 2245 non
781 2215 838 2245 alid
862 2216 894 2246 de
910 2216 995 2245 cause
1010 2225 1055 2244 re·-

374 2257 456 2292 pente
468 2254 591 2293 percuffit
603 2278 611 2290 ,
633 2257 711 2293 quim
723 2255 790 2295 quod
805 2255 938 2295 edentese
957 2265 1055 2284 munus

376 2293 680 2333 ingreffumfivefffaculcz
699 2318 708 2331 ‚
739 2296 893 2335 convertzffe
920 2295 1055 2324 hominum

376 2333 580 2373 oculosfulgore
591 2343 732 2370 purpureae
741 2334 837 2363 abollae
847 2333 1052 2363 animadvertit.

378 2371 513 2403 Pulchros
532 2373 562 2404 [⁷⁴
585 2382 704 2403 comatos
718 2397 728 2412 ‚
748 2374 851 2414 quoties
859 2373 915 2414 fibi
927 2384 1053 2404 occurre-

1094 1823 1124 1852 C.
1150 1821 1285 1860 Coefizrem
1298 1846 1307 1859 ‚
1337 1821 1498 1850 Germanici
1516 1819 1610 1858 filium
1623 1842 1633 1856 ‚
1662 1828 1749 1858 regna
1763 1841 1774 1855 ‚

1085 1862 1197 1900 saevitia*
1232 1862 1290 1900 ejus
1323 1861 1352 1890 in
1374 1860 1444 1890 duas
1477 1859 1569 1898 divisae
1602 1858 1773 1895 provinciar-

1093 1901 1216 1931 Contra
1242 1901 1319 1931 vero
1337 1900 1401 1931 Dio
1420 1924 1429 1937 ‚
1460 1900 1530 1929 LX.
1547 1908 1614 1937 pag.
1637 1901 1708 1936 671.
1730 1897 1775 1928 ait

1095 1941 1220 1970 Mauros
1241 1950 1259 1970 a
1283 1940 1418 1970 Claudio
1447 1938 1479 1968 in
1505 1939 1578 1968 duas
1596 1936 1774 1976 provincias

1095 1979 1214 2010 divisos
1239 1990 1246 2008 :
1270 1989 1364 2010 unam
1381 1980 1420 2010 ad
1430 1978 1561 2018 Tingim
1572 2001 1580 2014 ‚
1595 1977 1722 2007 alteram
1737 1976 1775 2005 ad

1095 2020 1264 2049 Caesaream
1284 2029 1293 2056 ;
1308 2019 1393 2049 unde
1414 2018 1546 2048 nomina
1561 2026 1688 2056 quoque
1705 2025 1775 2045 am-

1095 2059 1190 2089 babus
1212 2058 1323 2088 indita.
1346 2060 1424 2096 Quae
1440 2057 1532 2088 facile
1545 2055 1695 2087 concilies
1711 2078 1719 2091 ‚
1733 2054 1774 2091 fi,

1095 2108 1162 2137 quae
1175 2098 1268 2129 Caius
1294 2097 1416 2136 jusserat
1436 2121 1445 2134 ‚
1476 2096 1645 2126 Claudium
1670 2093 1775 2133 perfe-

1096 2137 1165 2168 ciss'e
1193 2136 1319 2167 dixeris.
1353 2137 1434 2169 Vide
1458 2136 1538 2166 infra
1562 2133 1776 2174 Supplement.

1094 2177 1207 2207 Annal.
1219 2177 1263 2206 IX
1282 2199 1292 2213 ‚
1308 2187 1359 2212 29.

1133 2222 1146 2242 7
1168 2216 1361 2252 Annocno]
1382 2216 1448 2245 Jam
1458 2220 1635 2244 memorato
1655 2211 1687 2241 in
1699 2213 1775 2250 Sup-

1094 2254 1260 2295 plernentis
1269 2254 1382 2284 Annal.
1398 2255 1474 2290 VII,
1489 2264 1498 2281 1
1509 2264 1533 2282 1.
1549 2253 1582 2283 8<
1593 2253 1682 2285 VIII,
1699 2261 1747 2288 3¹·

1134 2294 1145 2314 ⁸
1165 2294 1395 2330 MrrHRmATr]
1412 2294 1459 2323 De
1476 2303 1538 2332 quo
1557 2292 1643 2330 supra
1657 2289 1773 2320 Annal.

1093 2334 1151 2369 VI,
1174 2343 1221 2370 32.
1240 2333 1324 2369 Dio,
1341 2334 1410 2364 LX.
1428 2342 1495 2371 pag.
1510 2336 1583 2363 670.
1604 2333 1713 2361 Senec.
1733 2330 1772 2360 de

1093 2372 1296 2413 Tranquillit.
1317 2372 1412 2404 anim.
1432 2373 1485 2403 XI.
1506 2372 1579 2403 Scito
1593 2380 1656 2410 ergo
1674 2393 1684 2408 ‚
1711 2379 1771 2399 om-

1804 784 1854 812 10
