1952 2708
130 1119 179 1160 15

641 132 1143 177 GERMANIA

1545 153 1597 196 15

211 224 305 267 Nec
322 212 481 275 regibus
502 215 658 258 infinita
670 246 684 267 ,
713 229 781 257 aut
799 213 925 256 libera
950 221 961 237 ¹
986 217 1177 271 potestas:
1202 221 1243 258 ὃ(
1266 219 1388 263 duces
1409 223 1600 281 exemplo

209 285 342 344 potitis
366 280 484 337 quam
508 281 699 337 imperio:
723 280 750 319 si
770 280 978 336 prompti,
1001 279 1027 319 si
1049 280 1287 335 conspicui,
1310 284 1335 321 fi
1357 299 1446 326 ante
1471 289 1602 330 aciem

198 343 354 404 ⁴agant,
377 346 642 387 admiratione
666 344 846 401 praesunt.
867 343 1057 384 Ceterum
1071 374 1085 395 ,
1107 358 1237 398 neque
1259 346 1604 404 animadvertere,

209 425 340 466 neque
363 410 545 460 vincire,
574 424 624 450 ne
650 408 858 449 verberare
887 407 1076 462 quidem,
1107 407 1177 447 nifi
1209 407 1482 452 sacerdotibus
1512 429 1603 468 pes-

157 488 182 530 5
209 475 366 516 missum
393 478 434 513 ²:
466 488 550 513 non
573 472 677 527 quast
699 473 741 513 in
767 487 957 528 poenam,
986 487 1063 513 nec
1091 470 1203 512 ducis
1234 469 1363 523 juffu,
1396 473 1464 515 sed
1490 476 1607 520 velut

210 539 287 580 deo
307 538 551 594 imperante,
574 551 694 591 quem
713 535 841 577 adesse
862 534 1106 576 bellantibus
1132 535 1322 577 credunt:
1346 537 1606 593 effigiesque,

210 606 251 644 &
273 602 381 657 signa
403 600 576 655 quaedam
607 605 617 628 ³
636 629 650 651 ,
677 600 850 641 detra8ta
872 597 974 641 lucis
989 629 1002 650 ,
1024 600 1064 639 in
1089 598 1277 655 proelium
1299 600 1445 642 ferunt.
1464 604 1607 657 Quod-

208 681 287 720 que
307 666 552 721 praecipuum
570 663 816 705 fortitudinis
836 664 1146 705 incitamentum
1167 664 1242 715 est,
1265 679 1348 705 non
1370 665 1502 716 casus,
1527 683 1607 711 nec:

208 729 374 770 fortuita
403 727 668 784 conglobatio
691 741 865 769 turmam
891 742 960 769 aut
989 742 1162 769 cuneum
1186 727 1284 769 facit
1305 757 1318 779 ,
1353 728 1421 769 sed
1442 729 1602 771 familia:

133 808 183 835 10
211 797 252 834 ὃς
274 793 617 849 propinquitates:
649 795 689 833 ὃς
710 793 750 832 in
770 792 958 848 proximo
980 793 1152 848 pignora
1173 796 1190 819 4
1208 809 1215 832 :
1237 792 1344 832 unde
1365 792 1604 835 feminarum

208 855 385 897 ululatus
407 855 534 896 audiri
548 886 560 907 ,
582 855 690 897 unde
711 857 869 911 vagitus
891 855 1126 896 infantium:
1149 856 1191 896 hi
1212 857 1357 910 cuique
1381 857 1605 898 sanfflffimi

208 921 352 970 testes,
383 920 426 960 hi
456 920 623 961 maximi
648 918 888 961 laudatores.
913 919 979 960 Ad
1010 933 1183 970 matres,
1213 919 1261 960 ad
1288 919 1485 976 conjuges
1513 921 1604 962 vul-

208 998 303 1024 nera
323 983 479 1024 ferunt:
505 999 581 1025 nec
604 981 680 1023 illae
701 998 911 1024 numerare
927 1013 939 1034 ‚
967 997 1034 1024 aut
1055 985 1216 1038 exigere
1240 983 1376 1040 plagas
1401 989 1413 1015 5
1439 998 1604 1042 pavent.

208 1046 413 1100 Cibosque
437 1051 478 1087 ὅ(
503 1049 729 1088 hortamina
751 1047 1022 1103 pugnantibus
1050 1048 1216 1102 gestant.

274 1110 401 1151 VIII.
435 1111 692 1152 MEMoiuAE
713 1111 896 1166 proditur
912 1111 1100 1165 quasdam
1116 1112 1243 1161 acies,
1266 1109 1477 1153 inclinatas
1498 1110 1601 1164 jam,

209 1176 251 1214 ὃ(
276 1172 481 1224 labantes,
508 1189 529 1214 a
550 1174 710 1214 feminis
732 1174 956 1224 restitutas,
987 1172 1208 1214 constantia
1233 1188 1398 1230 precum
1414 1205 1426 1225 ,
1458 1179 1498 1216 ὃ(
1525 1175 1601 1217 ob-

205 1234 312 1288 jeciu
334 1238 541 1293 pectorum
567 1236 584 1258 ⁶

198 1365 258 1407 fibi
273 1367 402 1396 martium
428 1366 544 1396 Geticus
566 1367 642 1405 (seu
657 1368 813 1407 Gothicus)
831 1380 885 1408 1⁷0-

205 1406 289 1445 pulus
304 1407 450 1436 inveniret.

252 1452 259 1466 ¹
285 1448 425 1476 INFINITA
439 1470 448 1483 ‚
470 1457 533 1477 Αυτ
554 1457 665 1478 UBERA
688 1448 795 1485 ]Inde
812 1449 887 1478 Am-

207 1485 316 1518 biorix
325 1510 334 1523 ,
347 1487 530 1516 Eburonum
541 1509 550 1521 ,
563 1487 663 1526 gentis
675 1487 884 1525 Germanicae,

208 1536 264 1556 rex
276 1550 285 1563 ‚
306 1526 510 1564 profitebatur
520 1527 574 1564 fita
595 1527 643 1566 effe
658 1527 784 1566 ejusmodi
800 1528 886 1563 impe—

208 1565 253 1594 ria
263 1589 272 1602 ‚
294 1574 323 1594 ut
334 1576 388 1594 non
403 1565 494 1594 minus
505 1565 615 1595 haberer
626 1566 695 1605 inse
709 1567 782 1605 juris
795 1567 886 1596 multi-

208 1604 273 1634 tudo
285 1628 294 1640 ‚
317 1605 458 1643 qudmipse
469 1605 498 1634 in
513 1605 732 1643 multitudinem,
744 1607 804 1637 Jul.
821 1608 887 1637 Cae-

208 1644 360 1681 sat‚Bell.
382 1645 518 1682 Gall.V‚
542 1656 592 1684 27.
609 1645 640 1676 Si
657 1646 886 1677 Germanorum

207 1683 498 1723 Canadenfiumque
513 1684 689 1724 principum
705 1686 887 1725 potestatem

206 1723 350 1754 conferas
362 1748 371 1759 ‚
405 1724 545 1754 eamdem
580 1725 712 1755 omnino
742 1726 885 1765 reperies.

207 1763 289 1794 Vide
306 1765 334 1793 P.
351 1764 389 1793 de
405 1763 599 1794 Charlevoix
610 1789 620 1803 ‚
644 1764 706 1795 loc.
724 1765 777 1796 cit.
791 1765 886 1795 Lettre

207 1803 318 1834 XVIII.
333 1813 400 1842 pag.
416 1806 488 1834 268.

249 1845 259 1858 ²
284 1843 356 1872 le1
372 1853 605 1874 sAcERDonus
623 1846 886 1883 PERM1ssUM]Ita

207 1889 244 1912 ut
252 1890 355 1912 tamen
363 1882 435 1913 vitae
448 1883 594 1923 necisque
605 1884 733 1922 potestas
746 1894 887 1915 maneret

210 1931 303 1959 penes
317 1922 524 1961 magistratum
535 1944 543 1957 ,
559 1923 596 1954 de
611 1934 674 1962 quo
688 1924 747 1954 Jul.
761 1924 859 1954 Caesar
874 1948 883 1960 ,

209 1960 289 1990 Bell.
300 1961 381 1991 Gall.
391 1963 451 1999 VI,
463 1973 510 2000 23.
520 1961 589 1992 Cum
605 1962 702 1992 bellum
719 1963 819 1993 civitas
836 1973 884 1993 aut

209 1999 317 2029 illamm
326 2000 463 2038 defendit,
474 2012 523 2031 aut
538 2002 621 2039 infert
633 2026 642 2040 ‚
655 2003 830 2042 magistratus
841 2004 885 2043 qui

210 2039 236 2069 ei
252 2039 318 2068 bello
343 2040 474 2079 praefint,
496 2050 525 2070 ut
542 2042 607 2071 virae
623 2043 744 2082 necisque
766 2043 886 2072 habeant

206 2078 361 2118 potestatem
372 2104 381 2116 ,
391 2079 557 2120 deliguntur.
571 2083 662 2112 Poena
675 2083 885 2113 sacerdotibus

209 2119 371 2150 commissa
384 2143 392 2155 ‚
407 2128 440 2150 ut
454 2120 677 2159 imperantibus
690 2122 792 2152 minus
805 2122 887 2153 foret

210 2157 339 2189 invidiae
349 2183 357 2196 ‚
378 2159 579 2197 punientibus
590 2160 656 2199 plus
668 2161 861 2192 reverentiae.

252 2203 261 2224 3
286 2199 425 2229 Efmoffls
448 2210 484 2230 ET
507 2209 597 2230 sloNA
620 2212 758 2235 QUAEDAM
778 2202 792 2238 ]
814 2201 887 2231 Effi-

210 2236 275 2276 gies
287 2237 437 2273 ferarum,
452 2247 486 2269 ut
498 2239 634 2270 vidimus
647 2239 734 2279 supra
746 2240 886 2277 Hist.1v‚

596 1266 610 1288 ,
641 1241 683 1277 &
705 1235 919 1277 monstrata
945 1238 1130 1278 cominus
1155 1237 1389 1292 captivitate
1412 1243 1426 1265 ⁷
1442 1268 1456 1290 ‚
1483 1254 1604 1293 quam

923 1368 1003 1400 Vide
1019 1370 1131 1400 Annal.
1149 1371 1163 1399 I
1175 1393 1183 1407 ‚
1203 1379 1252 1409 59.
1267 1372 1308 1401 Ut
1322 1371 1491 1409 Germani,
1511 1372 1550 1404 fic
1567 1374 1603 1406 δε

924 1410 1120 1440 Canadenses
1133 1410 1243 1449 populi
1256 1410 1331 1441 deos
1347 1410 1434 1448 suos,
1451 1423 1530 1451 quos
1545 1424 1603 1445 vo-

924 1457 996 1479 cant
1017 1449 1163 1478 Manirous
1189 1449 1222 1479 in
1245 1450 1365 1480 bellum
1392 1452 1602 1492 proeliumque

924 1487 1039 1519 ferunt.
1055 1489 1136 1519 Vide
1152 1490 1182 1519 P.
1195 1489 1233 1519 de
1246 1489 1439 1521 Charlevoix
1450 1515 1458 1527 ,
1481 1491 1603 1522 Journal

923 1527 1073 1567 Hssorique
1102 1527 1165 1556 d’un
1202 1539 1305 1568 rii-‚vage
1333 1528 1365 1558 de
1393 1530 1559 1571 I'Ame'rique

925 1568 1048 1599 Lettres
1067 1569 1140 1598 XIV
1159 1568 1193 1598 δε
1209 1570 1277 1599 XV.
1296 1579 1363 1608 pag.
1383 1581 1440 1608 223
1461 1571 1495 1601 ὃς
1511 1575 1583 1609 236.

962 1612 977 1630 4
996 1609 1027 1637 Iu
1045 1619 1192 1638 Pnoxmo
1207 1619 1342 1638 monum
1360 1612 1372 1648 ]
1390 1611 1501 1640 Talem
1518 1622 1604 1642 exer-

924 1646 1003 1678 citus
1021 1647 1167 1678 ordinem
1188 1647 1324 1678 vidimus
1347 1649 1433 1688 supra
1448 1651 1523 1680 Hist.
1542 1653 1605 1688 IV,

928 1689 972 1717 18.
1000 1688 1046 1718 Ita
1071 1688 1105 1718 &c
1135 1687 1216 1725 apud
1238 1687 1405 1720 Britannos
1429 1689 1461 1718 in
1489 1691 1604 1723 Annal-

925 1728 1016 1764 XIV,
1041 1737 1088 1764 34.
1114 1726 1195 1757 Vide
1214 1737 1340 1767 quoque
1357 1728 1474 1759 Julium
1505 1730 1605 1762 Caesa-

924 1776 1010 1800 rem,
1033 1766 1100 1795 Bell.
1122 1765 1199 1795 Gall.
1218 1768 1251 1803 1,
1274 1778 1324 1806 51.

965 1812 973 1833 5
998 1806 1140 1836 Exmmuz
1163 1816 1278 1836 PLAGAS
1298 1809 1310 1844 ]
1332 1808 1370 1837 Et
1389 1807 1602 1847 expostulare,

924 1844 946 1875 fi
960 1845 1066 1885 ignavi
1091 1845 1237 1884 illaefique
1255 1846 1420 1884 redissent,
1441 1856 1493 1878 aut
1513 1848 1604 1880 inde-

925 1895 998 1916 cora
1017 1885 1147 1915 vulnera
1169 1886 1362 1924 accepissent.

964 1926 977 1944 ⁶
1000 1927 1146 1957 Omcw
1169 1936 1338 1956 PEcTonum
1361 1929 1374 1964 ]
1403 1927 1479 1957 Non
1503 1927 1604 1958 modo

925 1963 1121 2002 objiciebant
1148 1967 1291 2003 penora,
1312 1975 1350 1995 ne
1376 1966 1478 1997 mariti
1502 1966 1603 1998 filiive

925 2003 1087 2043 fugerent;
1100 2004 1150 2035 sed
1163 2005 1196 2035 ὃς
1209 2004 1277 2044 ipsae
1291 2028 1299 2041 ,
1317 2005 1480 2043 desperatis
1494 2007 1603 2043 rebus,

925 2045 1114 2083 pugnabant.
1131 2044 1219 2074 Hanc
1242 2043 1428 2077 feminarum
1450 2045 1603 2076 ferociam

926 2092 1068 2121 expertus
1085 2083 1124 2113 est
1139 2083 1253 2114 Marius
1266 2107 1274 2119 ,
1294 2093 1328 2114 ut
1346 2085 1509 2116 notabitur
1522 2085 1602 2116 infra

926 2132 992 2161 cap.
1005 2133 1053 2161 37.
1066 2123 1100 2154 ὃ(
1113 2125 1183 2153 c'um
1195 2124 1238 2153 M.
1252 2124 1393 2154 Aurelius
1408 2125 1604 2155 Marcoman-

926 2172 1002 2198 nos,
1026 2163 1153 2200 Quados
1166 2186 1176 2200 ,
1196 2163 1378 2202 ceterosque
1403 2164 1506 2195 socios
1522 2166 1604 2195 Ger-

926 2212 1034 2232 manos
1053 2202 1191 2238 vicisset,
1212 2202 1284 2244 inter
1308 2202 1444 2232 cadavera
1467 2204 1605 2233 harbaro-

926 2252 984 2270 rum
1001 2265 1010 2278 ,
1046 2251 1158 2277 terpora
1181 2242 1321 2271 mulierum
1351 2253 1458 2272 armarit
1494 2253 1601 2281 reperta

1591 1556 1604 1571 2

211 2287 250 2306 22
263 2300 272 2312 ,
296 2287 369 2316 quas
389 2277 507 2317 infigne
522 2279 687 2323 religionl{
704 2280 738 2310 &
756 2281 887 2310 tutelam
917 2282 996 2320 fimt-
1013 2284 1052 2310 ἵν
1063 2281 1145 2327 ,uiam
1160 2283 1212 2313 τοῖς
1226 2284 1314 2320 νεκροῖς
1330 2287 1375 2312 τῶν
1399 2283 1522 2323 »εαρξᾶρων
1534 2307 1541 2315 ,
1558 2298 1599 2319 ⁷94

210 2314 368 2347 habebant
389 2339 398 2353 ,
428 2326 462 2348 ut
493 2317 613 2348 dicetur
636 2319 716 2348 inira
742 2329 808 2358 cap.
834 2330 886 2359 45.
926 2335 1044 2356 *samma-v

210 2354 304 2397 §igna
326 2367 476 2396 quoque,
501 2357 638 2388 hostibus
661 2366 770 2397 capta,
793 2369 860 2398 quae
876 2383 886 2396 ‚

211 2403 246 2424 m
270 2394 371 2435 lucis,
398 2396 456 2427 diis
481 2397 587 2436 patriis
614 2397 886 2437 suspendebantur.

1074 2336 1183 2358 σωματιι
1212 2323 1359 2360 ὦτλιιῂκένκ
1389 2325 1475 2361 ἐυρῑθη.
1509 2323 1571 2353 Dio
1590 2345 1601 2359 ,

926 2362 1040 2392 LXXI.
1058 2371 1124 2400 pag.
1147 2364 1217 2391 802.

961 2406 974 2427 7
997 2400 1241 2440 errvn-Art]
1258 2401 1307 2433 Sic
1324 2401 1356 2432 in
1372 2401 1438 2433 acie
1454 2399 1604 2433 Ariovisti
