1952 2708
377 156 708 199 DIALOGUS
743 156 827 196 DE
861 157 1303 201 ORATORIBUS.
1464 166 1542 212 163

153 239 360 284 Disertum
382 237 546 286 haberi,
570 235 785 292 pulchrum
807 239 847 275 ὅ(
865 235 1085 289 gloriosum
1106 255 1113 277 ε
1136 239 1203 279 sed
1224 237 1365 281 contra
1385 254 1542 283 mutum

153 309 195 346 ὅς
221 302 425 357 elinguem
449 299 604 349 videri,
633 298 812 340 deforme
833 297 1064 338 habebatur.
1087 299 1196 354 Ergo
1221 317 1302 342 non
1325 305 1453 345 minus
1476 320 1544 344 ru-

151 366 281 415 bore,
317 363 436 419 quam
474 364 642 420 praemiis
677 361 977 403 stimulabantur
999 379 1006 402 :
1031 377 1081 403 ne
1124 362 1401 405 clientelarum
1443 367 1543 409 loco

150 430 285 486 potius
301 457 314 478 ,
342 427 458 482 quam
492 441 753 484 patronorum
784 439 1087 466 numerarentur
1114 443 1122 466 z
1153 441 1202 466 ne
1231 427 1380 467 traditae
1410 445 1429 469 a
1457 446 1545 471 ma-

103 505 125 546 5
152 492 304 546 joribus
330 492 633 533 necessitudines
662 491 711 532 ad
736 488 835 531 alios
865 489 1100 531 transirent:
1125 504 1175 529 ne
1206 503 1408 543 tamquam
1435 493 1542 532 iner-

151 570 210 597 tes
227 586 240 606 ,
271 559 311 596 &
338 570 422 597 non
449 555 646 595 suffer-Ruri
679 554 926 605 honoribus,
954 566 1021 595 aut
1046 568 1129 594 non
1157 553 1444 608 impetrarent,
1476 569 1544 597 aut

151 620 386 676 impetratos
412 617 516 659 male
539 631 758 659 tuerentur.

217 682 470 724 XXXVII.
504 683 697 722 NESCIo
734 696 785 723 an
817 680 1001 721 venerint
1029 681 1070 720 in
1105 694 1244 721 manus
1283 680 1426 720 vestras
1459 683 1545 723 haec

155 759 319 796 vetera,
350 760 433 799 quae
467 748 508 786 ὅ(
535 746 576 785 in
606 746 862 799 antiquorum
889 742 1147 784 bibliothecis
1178 743 1309 784 adhuc
1343 758 1506 784 manent
1530 773 1546 795 ‚

81 823 129 850 10
156 813 195 850 &
218 812 309 850 cum
328 809 503 849 maxime
522 824 544 849 a
561 809 760 849 Muciano
784 814 794 831 ‘
818 808 1111 849 contrahuntur
1131 824 1139 847 z
1163 822 1209 847 ac
1230 805 1309 859 jam
1328 807 1516 848 undecim
1532 836 1547 857 ,

154 887 199 914 Ut
223 874 393 929 opinor,
424 873 615 912 AE'torum
642 870 752 913 libris
781 875 794 893 ²
812 900 824 921 ,
857 875 896 912 ὃ(
923 871 1048 912 tribus
1077 869 1345 926 Epistolarum
1374 885 1546 926 compo-

154 936 250 986 sita,
280 939 320 976 ὅ(
350 935 456 976 edita
481 935 584 976 sunt.
607 935 669 975 Ex
690 936 751 976 his
779 933 954 989 intelligi
981 936 1107 990 potest
1131 934 1208 974 Cn.
1235 935 1474 990 Pompeium
1506 938 1546 975 ὃ(

156 1000 345 1040 Marcum
368 998 548 1039 Crassum
572 1004 582 1026 ³
615 1013 699 1039 non
725 997 876 1038 viribus
901 998 1024 1039 modo
1046 1002 1086 1038 ὃ(
1113 999 1230 1038 armis
1248 1027 1261 1048 ,
1292 998 1358 1038 sed
1379 998 1547 1051 ingenio

156 1077 315 1117 quoque
342 1066 383 1103 &
409 1063 590 1103 oratione
617 1061 780 1103 valuiffe
804 1079 811 1101 ε
835 1060 1059 1112 Lentulos,
1088 1065 1129 1102 δε
1155 1059 1377 1110 Metellos,
1403 1064 1443 1100 ὅ(
1465 1061 1548 1100 Lu-

81 1138 130 1177 15
160 1124 288 1167 cullos
303 1156 316 1176 ,
343 1130 383 1166 δε
409 1125 633 1176 Curiones,
657 1129 697 1166 ὅ(
722 1138 895 1165 ceteram
919 1139 1131 1180 procerum
1154 1139 1343 1174 manum,
1373 1122 1547 1163 multum

112 1239 114 1241 ,
158 1190 201 1229 in
231 1191 290 1229 his
320 1189 452 1229 studiis
486 1204 614 1244 operae
648 1203 828 1242 curaeque
860 1187 1028 1244 posuisse
1057 1205 1064 1227 :
1090 1203 1167 1229 nec
1197 1201 1435 1241 quemquam
1468 1185 1549 1228 illis

158 1251 405 1308 temporibus
426 1267 611 1306 magnam
629 1252 871 1307 potentiam,
896 1251 974 1290 sine
996 1250 1248 1304 eloquentia,
1270 1251 1548 1292 consecutum.

158 1316 236 1356 His
259 1314 475 1356 accedebat
497 1314 684 1370 splendor
705 1329 862 1365 rerum,
885 1317 924 1355 &
950 1314 1186 1368 magnitudo
1209 1315 1414 1355 causarum
1429 1343 1440 1363 ,
1464 1329 1547 1367 quae

160 1381 202 1418 ὃ(
221 1378 303 1434 ipsa
326 1377 543 1434 plurimum
566 1377 803 1433 eloquentiae
829 1379 1019 1434 praestant.
1040 1379 1148 1418 Nam
1177 1377 1349 1417 multum
1372 1378 1548 1428 interest,

75 1453 133 1482 ‘20
159 1454 346 1482 utrumne
368 1441 418 1483 de
437 1442 569 1492 furto,
592 1456 660 1483 aut
681 1441 854 1483 formula
877 1446 893 1470 4
907 1472 920 1492 ,
948 1445 988 1482 ὃ(
1007 1441 1218 1482 ἰιιῑεῑάἰάο
1240 1440 1456 1482 dicendum
1481 1442 1551 1480 ha-

159 1503 277 1555 beas,
309 1520 358 1546 an
385 1505 433 1546 de
461 1505 614 1546 ambitu
642 1506 928 1555 comitiorum,
955 1503 1139 1560 expilatis
1165 1504 1304 1554 sociis,
1334 1508 1373 1544 &
1395 1502 1550 1545 civibus

158 1568 398 1609 trucidatis:
425 1584 507 1622 qua:
536 1567 639 1609 mala
673 1569 771 1610 sicut
802 1584 884 1609 non
921 1567 1104 1609 accidere
1138 1567 1280 1608 melius
1324 1568 1405 1616 est,
1440 1565 1550 1619 isque

161 1633 336 1687 optimus
369 1633 542 1673 civitatis
576 1633 692 1673 status
726 1631 930 1672 habendus
963 1632 1042 1681 est,
1081 1646 1161 1685 quo
1203 1629 1304 1670 nihil
1333 1628 1411 1670 tale
1447 1632 1550 1684 pati-

160 1709 248 1734 mur
274 1701 286 1727 5
312 1696 396 1735 :ita
426 1698 517 1736 cum
550 1695 806 1746 acciderent,
838 1697 1045 1750 ingentem
1077 1694 1314 1748 eloquentia:
1343 1694 1552 1734 materiam

83 1767 134 1806 25
162 1757 515 1800 subministrabant.
554 1759 711 1800 Crescit
748 1760 855 1799 enim
897 1773 989 1799 cum
1020 1757 1284 1813 amplitudine
1328 1770 1459 1797 rerum
1493 1759 1552 1798 vis

163 1822 314 1875 ingenii
328 1851 341 1871 ,
370 1836 445 1863 nec
474 1822 679 1876 quisquam
704 1821 853 1864 claram
873 1826 912 1862 &
933 1820 1122 1862 illustrem
1142 1822 1367 1861 orationem
1389 1817 1554 1862 efficere

163 1885 316 1940 potest,
342 1885 413 1925 nisi
439 1887 506 1940 qui
538 1886 695 1928 causam
723 1901 859 1942 parem
891 1886 1060 1926 invenit.
1094 1886 1222 1935 Non,
1260 1885 1433 1940 opinor,
1467 1885 1554 1926 De-

209 2050 216 2063 ¹
243 2044 269 2073 A
291 2045 471 2082 Mucmno]
505 2047 602 2085 Cujus
619 2047 763 2086 frequens
784 2046 843 2077 fuit
882 2045 1558 2084 Lentulorum,Metellorum,Lucullorum

166 2084 288 2114 mentio
307 2085 339 2114 in
354 2084 556 2116 Historiarum
571 2086 670 2117 libris.
688 2087 758 2124 Ejus
771 2096 842 2116 mo·
884 2088 917 2116 ὃς
933 2086 1120 2116 Curionum.

166 2133 213 2153 xes
229 2123 303 2153 vide
320 2124 393 2153 Hist.
410 2125 459 2161 11,
482 2136 510 2164 5.
922 2129 937 2148 4
958 2126 1025 2155 Αυτ
1048 2136 1196 2155 rotimum
1210 2127 1222 2162 ]
1237 2126 1283 2156 De
1295 2125 1429 2157 formula
1443 2127 1558 2156 dicium

205 2167 218 2181 2
243 2165 404 2194 Acronum
434 2175 536 2194 manis
559 2166 572 2201 ]
607 2165 687 2208 Ergo
714 2164 845 2195 coneda
886 2164 971 2202 supra
993 2174 1059 2202 cap.
1081 2175 1103 2193 ι.
1126 2164 1316 2201 Quaestiones
1330 2174 1434 2196 antem
1456 2167 1494 2196 de
1513 2166 1559 2194 in·-

165 2210 310 2233 veterum
333 2212 493 2233 oratorum
511 2205 575 2233 aeia
588 2203 672 2233 libris
688 2203 844 2240 undecim,
885 2203 1020 2234 terdietis
1055 2203 1088 2234 &
1116 2203 1204 2234 furtis
1224 2204 1296 2235 vide
1308 2205 1340 2235 in
1355 2206 1466 2245 Digest.
1489 2205 1560 2234 libr.

169 2249 339 2281 eorumque
364 2242 499 2281 epistolae
515 2243 611 2272 tribus
626 2243 724 2272 libris.
886 2244 999 2273 XLIII.
1028 2242 1092 2274 Tit.
1127 2254 1152 2274 1.
1178 2244 1212 2275 ὅτ,
1236 2244 1306 2275 libr.
1337 2246 1463 2277 XLVII.
1494 2244 1560 2273 Tit.

210 2286 220 2306 3
244 2282 286 2311 M.
307 2283 456 2312 Cmssum
475 2285 488 2320 ]
512 2283 551 2311 Μ.
578 2283 669 2312 Crasti
686 2280 847 2321 ingenium
887 2294 916 2312 2.

168 2318 448 2389 eloquentiamque
475 2321 622 2360 exprimit
652 2322 787 2357 Cicero,
816 2320 848 2349 de
929 2327 937 2348 5
963 2322 1062 2352 Num
1077 2333 1155 2352 TALE
1174 2325 1339 2361 ΡΑτῐΜυκ]
1362 2325 1433 2354 Haec
1443 2324 1480 2354 ad
1490 2322 1560 2352 Ves-

169 2357 255 2400 qlans
283 2359 394 2389 Orator-i
415 2371 446 2388 us
464 2384 473 2397 ,
501 2371 566 2400 cap.
599 2365 648 2391 66.
669 2361 789 2391 Ibidem
814 2361 847 2391 ὃ(
887 2361 1002 2400 paliani
1023 2362 1143 2392 laudem
1164 2361 1262 2394 adhuc
1282 2365 1448 2402 pertinent.
1482 2362 1561 2395 Vide

174 2405 210 2427 in
227 2397 311 2430 libris
333 2399 365 2430 de
379 2399 496 2432 Oratore
518 2424 530 2441 ,
555 2400 662 2434 videre
684 2401 724 2432 est
743 2401 847 2433 laudes
864 2386 870 2426 l
888 2402 952 2441 jam
971 2401 1052 2433 dicia
1072 2411 1139 2441 cap.
1153 2401 1215 2441 sup.

1266 2460 1363 2513 Χῖ]
