1952 2708
319 179 379 217 42
590 159 637 198 C.
705 154 1092 198 CORNELII
1155 151 1430 198 TACITI

319 241 406 300 puli
431 239 608 282 Romani
629 236 733 279 ultra
754 238 947 279 Rhenum
961 267 974 289 ,
999 236 1183 292 ultraque
1206 251 1360 279 veteres
1387 233 1579 280 terminos
1594 267 1607 289 ,
1636 234 1710 279 Im-

320 306 421 364 perii
448 302 724 345 reverentiam.
749 302 811 343 Ita
835 302 926 343 sede
949 301 1171 356 finibusque
1201 306 1210 323 ¹
1237 302 1279 341 in
1304 299 1371 341 sua
1392 298 1476 357 ripa
1500 306 1515 322 ²
1530 331 1543 352 ‚
1570 317 1707 344 mente

320 369 536 421 animoque
557 364 768 407 nobiscum
789 379 937 421 agunt,
967 379 1099 406 cetera
1126 362 1270 405 ssmiles
1296 363 1455 405 Batavis
1471 394 1484 415 ‚
1506 365 1577 405 nifi
1599 366 1709 419 quod

319 431 407 487 ipso
433 430 564 471 adhuc
587 442 696 470 terrae
719 429 793 469 suae
828 428 916 470 solo
944 433 985 470 &
1011 428 1110 470 caelo
1141 434 1152 457 ³
1184 429 1312 469 acrius
1340 429 1580 470 animantur.
1607 430 1710 470 Non

319 494 614 535 numeraverim
633 494 737 534 inter
753 494 976 534 Germaniae
999 490 1192 549 populos,
1215 506 1456 546 quamquam
1475 504 1582 532 trans
1601 493 1711 533 Rhe-

319 573 419 598 num
439 556 754 611 Danubiumque
774 556 1030 598 consederint
1045 588 1058 606 ,
1085 570 1153 596 eos
1166 585 1179 606 ,
1202 557 1270 609 qui
1287 556 1535 596 Decumates
1555 569 1672 609 agros
1690 559 1708 584 4

319 633 522 662 exercent.
553 621 788 662 Leviffimus
826 620 990 674 quisque
1022 617 1264 669 Gallorum,
1301 623 1342 660 0&
1370 616 1508 675 inopia
1545 618 1674 659 audax
1694 646 1710 668 ,

320 684 447 725 dubiae
469 684 711 741 poffessionis
733 682 863 724 solum
886 697 1153 740 occupavere.
1172 683 1279 723 Mox
1297 681 1426 723 limite
1448 683 1535 722 aCm
1556 686 1569 713 5
1584 711 1598 732 ,
1621 696 1710 737 pro-

309 748 517 810 ⁴motisque
540 748 720 804 praesidiis
733 777 746 798 ,
768 747 871 788 finus
891 748 1076 803 imperii,
1096 750 1137 787 ὅ(
1156 760 1243 802 pars
1263 746 1480 802 provincia:
1499 743 1711 785 habentur.

381 811 534 852 XXX.
571 813 739 852 ULTRA
768 812 843 851 hos
864 810 974 851 Catti
995 809 1012 831 ⁶
1034 811 1195 850 initium
1215 809 1317 850 sedis
1336 808 1382 850 ab
1405 809 1616 862 Hercynio
1640 806 1711 849 sal-

318 889 363 916 tu
390 876 616 926 inchoant,
649 890 731 916 non
764 875 820 915 ita
845 874 974 915 effufis
1001 890 1047 914 ac
1077 872 1311 930 palustribus
1339 871 1469 922 locis,
1496 884 1542 912 ut
1570 884 1710 912 ceterae

317 940 526 990 civitates,
548 940 589 980 in
610 953 704 994 quas
723 939 940 979 Germania
964 937 1153 994 patescit:
1182 936 1326 978 durant
1346 935 1538 990 siquidem
1558 933 1710 987 colles,

396 1009 408 1026 Ι

317 1061 356 1090 de
370 1071 433 1100 quo
450 1060 535 1099 supra
549 1060 660 1090 Annal.
675 1062 689 1089 I
699 1081 707 1094 ,
733 1063 779 1099 56.
803 1060 838 1090 ὃς
852 1060 993 1090 Mattiaci
1032 1059 1145 1090 relictis
1158 1058 1215 1090 suis
1230 1057 1351 1089 sedibus
1364 1058 1476 1088 Rheno
1491 1057 1660 1097 proximis,
1674 1056 1710 1087 in

315 1099 419 1130 fontes
430 1123 438 1136 ‚
458 1110 541 1129 nunc
563 1099 585 1128 n
592 1098 727 1128 is-haderz
739 1122 747 1135 ,
762 1102 824 1134 pre's
836 1098 867 1127 de
878 1099 995 1138 Mayen-
1032 1099 1198 1128 Boiemum
1210 1097 1405 1136 migrassent,
1420 1108 1519 1128 vacua
1536 1107 1647 1127 eorum
1663 1096 1710 1127 lo-

315 1149 354 1168 ce.
376 1139 422 1169 De
449 1138 600 1169 Mattiaco
628 1149 702 1177 agro
736 1138 851 1168 dietum
878 1139 992 1169 Annal.
1032 1147 1068 1167 ca
1093 1147 1131 1167 ex
1147 1136 1245 1167 Gallis
1257 1159 1266 1171 ‚
1291 1136 1436 1167 Rauracis
1460 1136 1579 1166 scilicet
1604 1136 1639 1167 ὃ(
1653 1137 1711 1166 Se·-

313 1179 378 1215 XI,
402 1189 451 1208 20.
1032 1176 1142 1215 quanis
1154 1200 1164 1212 ,
1177 1175 1341 1205 levissimus
1357 1175 1489 1215 quisque
1505 1185 1712 1213 occupavere.

354 1223 362 1236 ¹
392 1218 584 1252 anzusous
599 1216 612 1252 ]
626 1216 728 1247 Variis
741 1216 916 1246 Germaniae
931 1227 992 1255 po-
1032 1215 1105 1254 Agri
1118 1216 1166 1245 illi
1176 1216 1363 1245 Decumates
1374 1215 1449 1245 inde
1461 1214 1533 1245 dieti
1547 1214 1711 1251 videntur,

313 1257 392 1296 pulis
418 1256 461 1286 sui
480 1264 567 1286 erant
586 1255 663 1286 fines
685 1279 694 1292 ‚
725 1266 803 1294 quos
823 1256 993 1286 solitudine
1033 1255 1118 1293 quod
1132 1254 1245 1284 incolae
1257 1277 1266 1291 ,
1283 1255 1513 1284 Germanorum
1528 1253 1712 1284 incursioni-

314 1295 535 1327 defendebant.
551 1294 586 1324 ld
607 1295 693 1325 enim
714 1294 806 1325 enixe
821 1296 970 1326 curabant
984 1319 992 1333 ‚
1031 1295 1088 1324 bus
1104 1292 1241 1324 obnoxii
1254 1317 1262 1330 ‚
1283 1293 1363 1323 utin
1378 1294 1595 1323 Romanorum
1614 1293 1711 1323 fidem

313 1344 343 1363 ur
355 1337 429 1364 circa
444 1335 528 1373 ipfhs,
541 1344 598 1371 φατε
608 1334 771 1371 jacebant,
784 1334 858 1372 rasta
868 1334 992 1372 forent,
1031 1333 1260 1372 reciperentur,
1269 1340 1479 1371 proventuum
1489 1331 1643 1362 decimam
1651 1331 1710 1362 sol-

313 1375 470 1409 Melam,
493 1384 518 1411 3.
535 1373 631 1410 Quod
650 1383 778 1412 quoque
801 1373 923 1404 testatur
937 1375 992 1403 Ju—
1031 1372 1145 1403 verint.
1174 1373 1235 1402 Eos
1251 1371 1338 1402 vallo
1362 1371 1501 1402 munivit
1524 1371 1711 1401 Hadrianus.

313 1413 373 1444 lius
403 1413 499 1444 Caesar
522 1412 598 1442 Bell.
623 1412 704 1442 Gall.
734 1414 794 1449 IV,
818 1423 830 1450 3
846 1436 855 1449 ,
882 1412 994 1441 Publice*
1033 1412 1156 1442 Vallum
1170 1411 1341 1441 Neostadio
1355 1434 1364 1447 ‚
1381 1410 1517 1450 Neustm,
1535 1410 1655 1449 oppido
1671 1410 1712 1441 ad

312 1453 461 1482 maximam
471 1451 628 1490 puranteffe
640 1450 765 1487 laudem,
784 1454 861 1490 qua‘m
873 1451 993 1491 lanffime'
1031 1450 1212 1482 Danubium
1228 1449 1310 1481 haud
1326 1450 1435 1487 procul
1460 1449 1590 1480 Almoni
1603 1473 1613 1486 ,
1642 1448 1712 1478 Alt-

312 1491 515 1532 asuisfinihus
530 1501 632 1520 vacare
648 1501 749 1531 agros.-
766 1490 818 1519 hac
832 1502 860 1520 re
874 1490 992 1531 fignifi-
1030 1490 1102 1519 nnilzl
1119 1513 1128 1526 ‚
1162 1489 1253 1520 fluvii
1278 1489 1360 1519 ostiis
1395 1489 1452 1519 fito
1471 1510 1480 1524 ‚
1513 1489 1552 1519 ad
1577 1488 1712 1519 fluvium

314 1533 373 1561 cari
388 1541 517 1571 magnum
532 1540 671 1560 numerum
685 1530 828 1559 civitatum
841 1531 923 1569 suam
937 1531 991 1560 vim
1032 1529 1163 1560 Nicrum
1179 1552 1188 1566 ,
1213 1528 1238 1557 le
1262 1529 1358 1558 Nekre
1380 1552 1388 1564 ‚
1421 1531 1527 1559 versus
1559 1528 1712 1567 oppidum

302 1571 437 1611 stistinere
455 1581 509 1599 non
528 1570 647 1609 poruiffi.
666 1569 762 1608 Itaque
789 1571 844 1598 unci
862 1580 897 1600 ex
913 1579 993 1606 parte
1033 1568 1227 1607 Wimpinam
1248 1591 1257 1605 ‚
1287 1567 1419 1604 Wz'mpsen
1435 1590 1444 1604 ‚
1471 1577 1523 1607 per
1554 1566 1711 1611 sexaginta

311 1621 329 1640 a
343 1611 443 1640 suevis
457 1610 565 1639 circiter
577 1609 664 1638 millia
675 1609 794 1649 paffimm
807 1618 849 1638 Dc
865 1611 877 1646 (
889 1620 993 1640 emen·
1033 1608 1191 1639 leucarum
1201 1607 1423 1638 Francicarum
1434 1607 1530 1646 spatia
1544 1616 1712 1638 continua-

595 1648 601 1653 “
890 1649 896 1654 “
1032 1656 1109 1678 tum.
1121 1649 1169 1678 De
1181 1646 1407 1678 Decumatibus
1419 1647 1496 1686 agris
1511 1670 1520 1684 ,
1539 1646 1711 1685 valloque,

312 1650 451 1680 dandum
467 1659 509 1678 Lx
526 1650 639 1680 merito
664 1659 817 1679 monuere
839 1649 898 1679 vir1
921 1660 992 1680 eru-
1226 1679 1236 1688 ,

1032 1687 1119 1727 quod
1151 1686 1189 1717 iis
1219 1687 1493 1725 praetendebatur‚
1523 1686 1610 1724 plura
1636 1685 1711 1716 vide

312 1691 474 1729 d1t1)(lgr1
496 1698 598 1718 vacare
623 1687 762 1718 dzcunrur.
792 1689 825 1719 ὃς
848 1690 909 1724 VI,
929 1700 965 1727 23
983 1713 992 1726 >
1032 1727 1113 1765 apud
1139 1726 1297 1756 eruditum
1319 1725 1520 1765 schoepflin,
1543 1723 1653 1792 ‘ql-sat?
1678 1723 1712 1753 ig-

1032 1765 1390 1842 lugrafflffimgssgaf.
1406 1775 1488 1835 3313
1502 1764 1711 1833 ²323&ss

1032 1845 1095 1883 agri
1112 1845 1146 1875 in
1161 1846 1379 1875 Romanorum
1400 1844 1497 1874 fidem
1517 1842 1642 1873 fuissent
1665 1852 1710 1873 re-

1033 1885 1133 1923 cepti,
1155 1893 1229 1915 tunc
1245 1884 1326 1914 ultra
1346 1883 1490 1914 Rhenum
1512 1884 1593 1912 aequs
1607 1881 1648 1912 est
1667 1881 1709 1911 li-

1032 1934 1096 1954 mes
1108 1924 1230 1963 imperii
1242 1948 1251 1960 ,
1272 1932 1480 1963 promotaque
1495 1920 1631 1961 praefidia
1647 1932 1657 1959 ;
1675 1921 1710 1952 ὅ(

313 1728 482 1758 Civitatibus
498 1728 618 1757 maxima
644 1727 705 1756 laus
722 1727 757 1767 eft
768 1751 776 1763 ‚
800 1729 879 1766 (μιάνῃ
895 1728 989 1767 lafiffi<

312 1778 372 1797 mas
390 1769 491 1797 circum
508 1768 539 1807 se
563 1766 678 1806 vastaris
698 1766 807 1806 finibus
827 1767 992 1806 fiilitudines

312 1807 420 1838 habere.
445 1807 503 1836 Hoc
522 1807 660 1844 proprium
684 1806 797 1835 virturis
815 1806 969 1846 existimarit
982 1831 990 1843 ‚

311 1847 434 1886 expulfhs
447 1846 525 1887 agris
533 1845 674 1885 finitimos
688 1845 890 1885 cedere‚neque
904 1857 992 1885 quem-

309 1897 389 1926 qnam
410 1887 536 1924 propes}
556 1885 655 1914 audere
676 1885 829 1925 confistere;
841 1885 926 1925 fimul
943 1886 991 1915 hoc

300 1926 401 1966 [εἷπε
412 1926 524 1955 tutiores
534 1925 707 1954 arbitrantur
715 1949 725 1963 ‚
738 1926 888 1962 repentina
900 1926 990 1955 incur-

301 1966 391 2006 fionis
404 1964 621 2005 timorefiiblato.

349 2010 361 2024 ²
386 2007 418 2035 Iu
442 2016 497 2035 sm
521 2016 593 2034 mm
615 2007 628 2042 ]
648 2003 748 2043 Usque
768 2004 806 2034 ad
824 2004 925 2034 Rheni
945 2005 988 2034 ri—

308 2054 381 2084 pam
394 2045 492 2075 diffusi
508 2043 667 2079 Mattiaci,
683 2043 820 2074 maxime
834 2046 906 2074 citm
916 2044 989 2076 Ubii

309 2084 354 2114 cis
368 2084 512 2114 Rhenum
526 2083 611 2113 fuere
626 2082 804 2121 transgreffi.

1032 1964 1095 2003 agri
1108 1964 1293 1995 Decumates
1309 1963 1409 1994 habiti
1421 1964 1489 1993 sunt
1503 1969 1663 2000 tamquam
1675 1959 1710 1990 fi-

1032 2014 1087 2033 nus
1115 2003 1256 2042 imperii,
1277 2003 1312 2034 &
1329 2013 1395 2041 pars
1412 2000 1602 2041 provinciae,
1626 2000 1709 2030 Ger-

1031 2043 1140 2073 maniae
1156 2043 1273 2073 scilicet
1286 2042 1463 2080 superioris.

1070 2084 1083 2101 ⁶
1105 2084 1214 2113 ULTRA
1237 2092 1295 2112 nos
1317 2083 1419 2113 CATTI
1442 2082 1457 2118 ]
1485 2080 1572 2110 Ultra
1598 2079 1708 2108 Decu-

1030 2130 1127 2152 mates
1149 2131 1240 2160 agros
1256 2120 1342 2151 Catti
1353 2145 1362 2157 ‚
1377 2128 1512 2160 quorum
1526 2118 1707 2156 ampliffima

1030 2161 1115 2191 sedes
1132 2160 1215 2191 inter
1229 2160 1373 2190 Rhenum
1384 2179 1393 2190 ,
1412 2159 1552 2187 Moenum
1564 2181 1574 2194 ,
1586 2157 1708 2187 Salam-

1029 2211 1091 2239 que
1106 2200 1222 2230 fluvios
1233 2199 1266 2230 &
1278 2199 1385 2228 silvam
1396 2196 1542 2227 Bacenim
1551 2220 1560 2233 ‚
1577 2195 1601 2225 Ie
1611 2195 1685 2225 RJzin
1697 2219 1707 2232 ,

1030 2239 1054 2268 le
1071 2238 1149 2269 Mein
1169 2262 1178 2274 ‚
1205 2238 1228 2266 Ie
1239 2238 1334 2277 fleuve
1358 2236 1448 2272 Sala,
1479 2235 1508 2265 ἓν
1524 2236 1615 2272 partie
1631 2235 1663 2264 de
1680 2234 1709 2264 Ia

1019 2278 1097 2314 foret
1123 2278 1155 2306 de
1183 2276 1273 2315 Harz{
1303 2275 1431 2305 aiz-dela*
1454 2275 1489 2304 du
1504 2275 1602 2313 Wfi’r
1617 2285 1630 2310 ‚·
1650 2274 1707 2305 ubi

350 2129 360 2150 3
385 2125 465 2154 Soto
491 2133 528 2152 ET
550 2134 633 2153 effiLo
656 2122 776 2159 ]Apud
787 2123 922 2152 Batavos
936 2122 989 2152 hu-

310 2162 433 2192 midum
449 2163 557 2192 caelum
581 2161 765 2198 solumque,
783 2162 892 2191 contra
908 2162 988 2200 apud

309 2202 476 2232 Mattiacos
495 2201 607 2231 ficcum
618 2225 625 2237 ‚
640 2200 723 2230 unde
736 2200 876 2230 Mattiaci
888 2200 988 2231 acrius

311 2241 548 2277 animabantur,
570 2251 625 2279 pro
636 2239 736 2283 ‘solita
757 2240 901 2270 locorum
917 2239 987 2270 ani—

309 2290 496 2320 morumque
518 2288 720 2319 cognatione.

346 2324 361 2343 4
389 2321 583 2350 DecuMATrs
617 2329 720 2349 ‚monos
750 2319 764 2354 ]
802 2319 986 2349 Decumates
1029 2328 1113 2347 nunc
1137 2316 1165 2345 Ia
1184 2315 1276 2355 Heste,
1296 2315 1324 2345 Ia
1334 2314 1419 2344 Turin
1443 2326 1474 2351 e,
1491 2315 1581 2351 partie
1594 2313 1629 2343 du
1644 2313 1708 2343 dio-

309 2359 392 2397 agri,
413 2370 494 2389 nunc
522 2358 548 2386 la
567 2358 668 2387 Suabe.
693 2359 793 2391 Cum,
812 2357 865 2386 sub
891 2358 986 2388 finem
1026 2357 1079 2394 ceſse
1091 2355 1123 2385 de
1132 2354 1292 2384 Puderborn
1307 2379 1317 2393 ,
1337 2354 1370 2384 de
1382 2354 1399 2383 l·
1433 2354 1516 2394 bbaye
1529 2353 1561 2383 de
1571 2353 1657 2383 fulde
1675 2352 1707 2382 Cr

309 2397 433 2437 imperii
449 2398 571 2430 Caesaris
585 2396 711 2436 Augusti
723 2420 732 2435 ,
748 2396 985 2437 Marcomanni,
1004 2379 1057 2439 {de
1085 2395 1113 2426 la
1136 2394 1303 2426 Franconie.
1330 2394 1568 2426 Observandum
1580 2418 1590 2433 ,
1618 2391 1705 2433 quod
