1952 2708
374 185 712 227 DIALOGUS
746 187 828 227 DE

863 188 1300 234 ORATORIBUS.
1455 197 1535 242 169

152 267 234 309 dies
269 264 363 307 esset
389 267 559 306 exactus.
589 267 707 315 Fiet,
749 267 877 319 inquit
908 265 1150 317 Maternus,
1187 274 1319 325 postea
1345 271 1535 315 arbitratu

150 344 248 379 tuo,
275 333 315 369 ὅ(
340 329 367 368 fi
396 344 471 382 qua
501 328 574 368 tibi
600 328 767 369 obscura
800 329 841 368 in
866 330 946 369 hoc
976 344 1067 369 meo
1094 330 1274 372 sermone
1306 336 1385 376 visa
1414 337 1533 387 sunt,

148 392 197 432 de
218 393 277 432 his
302 392 429 432 rursus
450 392 715 433 conferemus.
734 393 796 432 Ac
816 390 929 431 simul
942 392 1179 446 adsurgens,
1203 395 1405 450 &Aprum
1426 414 1533 439 com-

149 453 289 511 plexus
306 485 317 504 ‚
344 454 458 509 Ego,
487 456 617 508 inquit
634 485 647 505 ‚
680 468 719 496 te
746 457 900 510 poeti33
929 454 1100 507 Meffi‘zla
1118 484 1129 504 ‚
1163 458 1389 510 antiquariis
1406 489 1418 509 ,
1454 463 1533 500 cri-²

148 518 398 558 minabimur.
416 519 472 558 At
492 533 569 572 ego
586 533 658 558 vos
677 517 901 560 rhetoribus
919 521 958 558 &c
975 516 1240 571 scholasticis,
1262 521 1405 573 inquit.
1427 523 1531 563 Cum

147 581 361 623 adrififfent
375 610 389 632 ,
422 581 674 622 disceffimus.

146 722 243 751 Cotta
267 721 301 751 δί
330 720 466 751 Velleius
495 719 666 750 discedunt.
694 721 817 758 Integer

145 770 219 798 ergo
236 759 275 789 est
289 770 325 789 ex
343 759 399 789 hac
419 767 501 798 parte
522 760 672 798 dialogus·
692 760 815 789 Utinam

133 800 203 830 ·alia
222 799 338 835 multa,
359 809 426 837 quae
445 799 621 829 notavimus
642 798 726 836 supra}
750 808 814 836 cap.

145 850 202 876 35,
233 848 298 867 non
326 837 498 876 periiss'ent!
521 840 559 868 Ut
588 837 619 866 in
647 838 814 867 Annalium

143 877 408 914 Historiarumque
446 876 532 906 libris
562 877 815 906 absolutissimum

142 917 289 946 habemus
310 916 445 954 politicae
462 916 533 945 artis
550 924 790 946 monumentum
805 939 813 951 ‚

142 956 263 986 inlibro
283 956 319 984 de
334 954 471 985 Moribus
481 955 712 985 Germanorum
725 965 813 994 egre-

140 995 224 1034 gium
236 994 433 1024 humanitatis
450 994 676 1029 rudimentum,
700 995 813 1024 nostra-

139 1044 269 1072 rumque
294 1034 396 1072 legum
417 1032 671 1069 fundamentum,
690 1033 722 1062 in
743 1032 813 1063 Vitft

138 1073 271 1103 Cn.Julii
282 1072 432 1112 Agricolae
443 1072 636 1110 splendidum
647 1072 813 1102 cultissimae

138 1112 263 1142 virtutis
276 1112 453 1149 exemplum
468 1134 476 1147 ,
496 1112 538 1141 ita
555 1121 681 1150 quoque
694 1111 726 1140 in
740 1112 814 1141 Dia-

138 1152 213 1190 logo
239 1152 277 1181 de
302 1150 484 1181 Oratoribus
513 1150 693 1180 haberemus
726 1150 813 1188 opti-

138 1200 224 1222 mum
246 1191 403 1223 literarum
419 1190 642 1221 documentum
658 1212 668 1227 ‚
690 1189 815 1220 validis-

856 719 1026 760 fimumque
1052 721 1253 760 ingeniorum
1281 721 1529 755 incitamentum,

856 761 895 789 Ut
908 769 940 790 ut
956 761 1013 796 est,
1033 770 1138 790 manet
1156 761 1255 791 adhuc
1268 760 1301 790 in
1317 760 1376 791 hoc
1391 761 1528 800 Dialogo

856 799 1010 829 uberrima
1037 808 1259 838 praeceptorum
1283 800 1363 839 seges
1382 824 1391 837 ,
1417 801 1528 839 quibus

855 838 950 868 litcrae
963 839 1001 868 ad
1010 839 1141 869 meliora
1152 848 1407 878 promoveantur.
1428 840 1477 870 Sic
1495 840 1528 870 in

854 887 917 908 uno
944 878 1056 908 Tacito
1084 879 1249 917 reperimus
1284 879 1448 918 quomodo
1477 890 1528 909 re-

853 926 964 953 gantur
988 917 1115 955 imperia
1132 941 1141 954 ,
1169 918 1341 949 formentur
1359 918 1502 949 homines
1517 940 1528 956 ,

853 956 1050 986 instituantur
1065 957 1163 995 leges,
1182 958 1302 987 alantur
1318 958 1462 994 virtutes,
1481 958 1527 988 vi-

853 1004 945 1032 geant
958 995 1064 1025 literae.
1082 999 1156 1033 Quae
1167 1020 1175 1031 ‚
1189 999 1258 1026 cum
1270 997 1327 1026 fint
1340 997 1370 1026 in
1385 998 1454 1027 vitae
1468 998 1527 1027 uti-

854 1034 952 1064 litates
979 1035 1212 1074 voluptatesque
1234 1035 1441 1066 fecundiffima
1458 1060 1466 1069 ,
1507 1036 1527 1066 fi

853 1073 908 1103 hac
924 1073 1025 1104 nostr&
1041 1074 1142 1113 opell‘i
1158 1075 1326 1106 inclaruere
1338 1100 1346 1112 ,
1369 1076 1525 1115 magisque

853 1112 1045 1155 invqlescunt
1058 1137 1066 1149 ,
1089 1124 1145 1144 ncc
1160 1125 1235 1149 nOS,
1254 1125 1311 1144 nec
1331 1116 1465 1153 posteros
1482 1116 1525 1144 Ia-

852 1152 937 1194 borrs
961 1151 1054 1181 nostri
1085 1153 1260 1191 poenitebit.
1289 1156 1470 1193 Suprcmum
1493 1154 1525 1184 id

853 1191 945 1222 nobis
965 1198 1086 1222 votum,

255 2465 361 2506 Tom.
393 2466 482 2508 IV'.

1227 2470 1269 2511 Y
