1952 2708
370 156 460 194 442
807 132 1320 178 APPENDIX

369 216 591 266 opprimeret
604 213 629 250 ¹.
642 213 735 250 Haec
747 213 786 249 in
801 213 912 262 majus
925 212 1129 250 ferebantur
1142 239 1152 256 ,
1165 211 1225 250 vel
1244 211 1324 261 ipfis
1337 212 1447 261 patris
1462 213 1655 250 virtutibus
1668 241 1677 258 ,
1696 215 1759 264 qui

369 279 437 305 nec
468 265 673 314 suspicione
688 291 697 307 ‚
715 276 784 301 nec
805 275 902 301 metu
916 263 962 300 ad
979 262 1177 312 perniciem
1204 262 1410 311 cujusquam
1438 264 1644 312 compulsus
1674 265 1722 301 est
1748 278 1759 302 :

367 318 480 353 immo
496 314 727 353 monentibus
744 314 867 350 amicis
883 313 1085 350 cavendum
1099 311 1166 348 esse
1177 311 1331 348 Metium
1343 311 1621 361 Pompofianum
1633 342 1642 358 ,
1658 314 1759 364 quod

367 366 480 416 vulgo
499 366 701 403 crederetur
713 363 868 413 genefim
884 362 1016 399 habere
1035 360 1321 410 imperatoriam,
1346 363 1530 399 consulem
1545 376 1627 400 eum
1648 364 1733 402 fecit
1746 392 1758 410 ,

364 417 550 467 spondens
585 413 839 464 «quandoque
863 412 1031 450 beneficii
1071 423 1269 448 memorem
1301 411 1458 447 futurum
1481 413 1493 428 ²
1516 431 1547 449 22,
1568 413 1621 449 Ea
1635 423 1756 452 tamen

365 467 465 503 haud
491 465 641 515 perinde
665 464 763 502 fuere
790 464 828 500 in
846 464 937 500 Tito
964 462 1105 499 Caesare
1138 472 1272 498 naturae
1295 460 1385 497 vitia
1408 489 1419 504 ,
1460 462 1566 510 quam
1588 465 1756 502 morbida

364 515 579 553 luxuriantis
598 515 754 552 fortunae
772 515 873 551 tabes
885 543 893 558 ,
923 525 1003 563 quae
1018 542 1026 554 ‚
1046 511 1188 561 optima
1201 513 1274 559 ejus
1291 511 1418 548 indole
1431 538 1440 554 ‚
1468 511 1506 547 in
1530 512 1656 550 melius
1675 515 1754 562 post

364 567 568 616 susceptum
581 564 823 615 principatum
840 564 955 600 statim
972 561 1068 599 cessit
1081 592 1089 605 ,
1113 571 1154 598 ut
1167 574 1253 598 mox
1268 561 1382 598 sumus
1402 561 1529 598 di&uri
1548 563 1575 599 ³.
1594 562 1755 599 Hadria-

365 630 432 653 nus
444 618 462 637 4
478 645 488 661 ‚
506 616 630 665 postea
648 628 764 654 rerum
785 614 967 665 potiturus
980 641 991 657 ‚
1017 612 1093 649 hoe
1114 625 1212 649 anno
1231 611 1359 650 Romae
1374 622 1476 650 natus
1497 611 1546 650 est
1566 624 1603 649 lx
1625 613 1760 651 Calen-

365 667 428 705 das
439 667 660 704 Februarias,

712 738 853 776 ANNUS
866 737 915 775 U.
931 738 976 776 C.
994 750 1182 775 ncccxxx.
1210 737 1242 774 J.
1257 739 1293 776 C.
1324 748 1388 786 77.

411 810 542 848 Flavio
562 810 778 860 Vespasiano
804 810 1021 855 VIlI‚Tito
1038 810 1178 847 Caesare
1206 809 1261 845 VI
1287 808 1496 846 consulibus
1518 832 1529 850 ‚
1554 820 1687 854 annus,
1715 820 1756 848 ut

363 861 532 897 civilibus
546 860 649 898 rebus
663 860 867 897 inturbidus
879 888 890 905 ,
910 861 961 897 ita
975 860 1055 897 coeli
1073 858 1305 897 inclementia
1317 859 1385 895 fuit
1402 858 1560 907 insignis·
1575 859 1754 898 Notatum

362 911 411 947 est
424 911 651 960 papilionum
670 922 890 960 proventum
912 920 965 948 ter
979 911 1136 960 repetito
1162 910 1297 960 frigore
1313 909 1413 946 fuiffe
1431 908 1636 946 exstinffmm
1654 937 1664 953 ‚
1690 910 1755 946 ad-

361 962 542 1010 venasque
576 961 745 998 volucres
770 961 816 997 ad
841 973 880 997 Vl
909 960 1088 997 Calendas
1121 959 1307 997 Februarii
1330 960 1428 1008 spem
1454 957 1548 995 veris
1575 959 1756 1004 attulisse,

361 1023 449 1047 mox
464 1011 647 1047 sccvisfima
660 1011 778 1048 hieme
796 1010 1017 1048 confliaatas
1039 1012 1064 1047 ⁵.
1091 1010 1207 1057 Quod
1232 1021 1354 1046 autern
1375 1008 1583 1053 luetuofius,
1602 1009 1754 1046 carbun-

360 1061 462 1097 culus
479 1061 491 1078 ⁶
508 1092 516 1103 ,
542 1061 724 1110 peculiare
742 1061 831 1098 olim
852 1060 1095 1097 Narbonensis
1110 1060 1313 1109 provinciae
1323 1059 1456 1095 malum
1468 1086 1478 1101 ,
1498 1060 1559 1107 qui
1572 1059 1612 1096 L.
1623 1059 1754 1097 Paullo

359 1113 395 1146 ὃς
424 1111 471 1157 Q.
498 1111 642 1147 Marcio
675 1111 885 1148 censoribus
911 1112 923 1132 ⁷
939 1138 948 1154 ,
970 1110 1128 1160 primum
1142 1110 1180 1145 in
1196 1109 1337 1145 Italiam
1356 1119 1503 1145 venerat
1520 1137 1530 1153 ‚
1558 1109 1633 1145 hoc
1655 1122 1753 1147 anno

358 1159 459 1197 foede
485 1161 601 1197 saeviit
618 1191 626 1204 ‚
666 1162 829 1212 duosque
856 1162 1060 1199 consulares
1093 1159 1312 1198 exanimavit
1338 1187 1348 1202 ‚
1371 1158 1504 1196 Julium
1534 1159 1668 1196 Rufum
1687 1161 1698 1179 ⁸
1718 1163 1754 1197 δε

359 1210 402 1246 C.
419 1210 625 1247 Laecanium
645 1212 785 1247 Baffurn
805 1214 818 1232 ⁹
846 1226 855 1248 :
882 1212 985 1248 illum
1002 1210 1228 1249 medicorum
1253 1209 1443 1246 inscientia
1462 1208 1592 1245 seeum
1612 1222 1623 1252 ;
1653 1210 1753 1247 hunc

362 1260 500 1309 pollice
524 1261 624 1298 laevae
649 1263 774 1298 manfis
804 1262 933 1299 avulso
961 1275 1027 1299 acu
1051 1275 1072 1297 a
1094 1260 1286 1310 semetipso
1312 1291 1320 1303 ‚
1344 1271 1417 1295 tam
1440 1271 1555 1307 parvo
1579 1259 1753 1305 vulnere,

357 1321 397 1346 ut
435 1311 497 1347 vix
525 1311 622 1348 cerni
649 1312 765 1360 posset
795 1313 836 1348 ¹⁰.
874 1313 943 1349 His
973 1311 1227 1349 acerbitatibus
1254 1310 1338 1346 cum
1356 1309 1452 1346 Urbs
1479 1310 1561 1346 esset
1590 1310 1753 1355 intenta,

358 1360 402 1396 C.
416 1360 574 1405 Plinius,
601 1361 649 1397 ob
671 1362 870 1398 studiorum
891 1362 1142 1398 claritudinem
1166 1360 1382 1409 Vespasiano
1405 1359 1589 1395 familiaris
1607 1361 1634 1376 ¹¹
1653 1391 1661 1403 ‚
1686 1373 1752 1397 na-

358 1420 448 1446 turae
467 1411 695 1447 historiarum
709 1412 856 1462 triginta
875 1412 1009 1461 septem
1026 1412 1139 1448 libros
1155 1411 1270 1449 edidit
1282 1411 1310 1426 ¹²
1326 1424 1338 1454 3
1359 1423 1451 1459 opus
1471 1409 1658 1454 diffusum,
1673 1423 1751 1447 eru-

356 1460 485 1504 ditum,
498 1474 564 1498 nec
575 1462 692 1498 minus
707 1462 857 1507 varium,
870 1464 975 1512 qu‘am
992 1463 1102 1511 ipsam
1116 1462 1292 1498 naturam¹
1302 1462 1312 1480 ³
1329 1474 1337 1496 :
1351 1460 1451 1510 quod
1462 1460 1599 1496 utinam
1614 1462 1750 1508 majore

359 1510 518 1555 delean,
536 1512 669 1548 minori
694 1512 905 1550 credulitate
927 1513 1042 1549 fuisset
1068 1512 1258 1549 colle&um
1273 1541 1281 1553 ‚
1313 1522 1381 1547 nec
1406 1509 1580 1546 foedatum
1609 1510 1751 1547 insana-

356 1560 423 1595 bili
437 1561 666 1598 librariorum
691 1562 891 1612 imperstiei,
917 1574 978 1599 aut
997 1562 1147 1600 incuria.
1170 1562 1213 1598 In
1235 1562 1309 1597 hoc
1331 1571 1451 1598 tamen
1474 1559 1539 1596 suo
1556 1560 1721 1609 squalore
1737 1587 1748 1605 ,

353 1611 548 1646 maximum
565 1612 712 1648 humani
739 1613 902 1663 ingenii,
926 1624 1086 1657 naturae,
1111 1623 1217 1661 atque
1242 1611 1325 1647 artis
1348 1609 1636 1659 promptuarium
1657 1610 1750 1647 sern-

353 1672 418 1707 per
439 1660 641 1697 habebitur.
673 1661 742 1697 Cn.
759 1663 872 1699 Julius
894 1663 1070 1713 Agricola
1086 1690 1096 1706 ,
1128 1662 1213 1698 cum
1229 1661 1462 1710 Vespasianus
1488 1660 1648 1697 senatum
1671 1660 1749 1697 lec-

353 1709 489 1746 tissimis
505 1711 588 1747 viris
606 1711 809 1760 suppleret,
827 1713 920 1749 inter
943 1712 1115 1761 patricios
1139 1711 1314 1752 adscitus,
1340 1711 1445 1753 dein,
1467 1710 1611 1760 egregie
1631 1709 1747 1745 admi-

353 1759 498 1796 nistrata
511 1773 615 1809 poene
631 1774 695 1810 per
714 1762 908 1799 triennium
922 1762 1121 1812 Aquitania
1146 1761 1339 1811 provincia
1363 1760 1506 1797 laudem
1534 1759 1721 1796 adsecutus
1735 1788 1747 1804 ,

352 1809 391 1845 in
406 1809 545 1847 Urbem
568 1822 759 1848 revocatus
784 1812 833 1848 est
862 1822 901 1848 ut
927 1813 1089 1849 suffefflis
1108 1812 1201 1849 foret
1215 1811 1354 1848 consul.
1377 1812 1488 1847 Fama
1504 1821 1650 1860 quoque
1671 1819 1746 1847 erat

353 1860 585 1908 provinciam
610 1863 645 1900 ei
667 1862 891 1899 Britanniam
925 1862 1102 1902 destinari.
1127 1862 1186 1899 Ibi
1210 1861 1322 1899 Julius
1343 1860 1538 1898 Frontinus
1563 1887 1573 1904 ‚
1611 1858 1746 1898 Petilio

1067 1972 1141 1991 anno
1154 1962 1192 1990 U.
1208 1961 1246 1989 C.
1267 1970 1415 1989 Dcccxxx
1434 1959 1554 1988 vidimus
1580 1960 1608 1987 in
1628 1958 1744 1992 Supple-

389 1966 398 1978 ¹
418 1959 652 1994 OPPRJMERET]
677 1962 772 1991 Aurel.
787 1962 904 1992 Vix-Trou
923 1963 952 1990 in
963 1963 1030 1997 Epi-

352 2001 437 2023 tome.

390 2036 397 2047 ³
420 2032 585 2059 Mmroneu
613 2036 800 2064 FUTURUM]
841 2032 955 2062 Sueten.
999 2035 1027 2061 in

351 2063 510 2098 Vespasium,
525 2067 610 2095 XIV.

389 2106 396 2122 ³
418 2100 560 2130 [ΜΟ-[ως]
582 2106 593 2134 ]
627 2102 703 2131 Infra
725 2103 760 2130 ad
785 2113 890 2131 annum
926 2102 963 2132 U.
989 2102 1025 2132 C.

348 2142 541 2164 Deccxxxii,

385 2175 397 2191 4
421 2171 635 2205 HADRIANUS]
653 2173 787 2206 Spartian.
811 2174 839 2200 in
850 2172 986 2201 Hadrian.
1001 2173 1024 2201 I.

387 2207 395 2223 ⁵
418 2204 686 2240 ConrticTATAs]
710 2207 782 2236 Plin.
798 2208 903 2235 XVIII
918 2228 925 2238 ‚
946 2217 988 2242 ις.

373 2236 405 2279 ,6.
418 2239 676 2275 Cimon-cuius]
698 2244 827 2271 Morbum
846 2244 922 2271 illum
936 2242 1024 2270 adhuc

351 2272 468 2301 dicimus
480 2275 503 2302 le
512 2276 636 2304 charbem.

388 2309 645 2349 [Cruminam]
678 2313 813 2341 Censores
842 2313 917 2341 fuere
949 2324 1023 2341 anno

349 2342 433 2371 Urbis
444 2345 561 2373 conditae
586 2355 658 2374 Dxc.

388 2381 396 2396 ¹
418 2379 538 2413 JULIUM
570 2380 713 2414 RUFUM]
754 2383 849 2418 Quem
877 2383 1018 2412 consulem

1067 2007 1161 2026 mento
1174 1998 1278 2025 Annal.
1298 1995 1390 2026 XVI,
1404 2005 1447 2028 49.

1101 2042 1111 2057 9
1134 2034 1308 2060 LAAECANIUM
1327 2031 1474 2062 BAssum]
1497 2029 1647 2058 Consulem
1666 2037 1742 2055 anno

1067 2067 1103 2096 U.
1125 2067 1162 2095 C.
1185 2074 1353 2095 Dcccxvn.
1376 2067 1433 2099 jam
1452 2074 1635 2093 memoratum
1664 2063 1742 2097 supra

1066 2103 1170 2130 Annal.
1182 2102 1240 2130 XV
1253 2123 1260 2132 ,
1278 2110 1320 2136 33.
1714 2131 1720 2137 .

1103 2146 1126 2156 ¹0
1143 2138 1244 2165 Camil
1267 2139 1396 2168 POSSET]
1412 2136 1477 2164 Haec
1496 2134 1667 2169 &superiora
1679 2131 1740 2160 Pli-

1064 2173 1125 2200 nius
1144 2172 1269 2202 XXVI,
1290 2181 1313 2199 1.

1101 2212 1122 2225 ¹¹
1140 2208 1356 2238 FAmimAnrs]
1378 2205 1547 2242 PlinAEpist.
1562 2204 1623 2233 ΠΙ,
1636 2212 1661 2237 5.
1718 2237 1724 2242 .

1101 2244 1123 2257 ¹²
1142 2243 1273 2273 fimum]
1288 2241 1321 2268 Et
1331 2242 1435 2269 dicavit
1447 2241 1515 2268 Tito
1528 2240 1610 2267 sexies
1623 2236 1736 2277 consuli.

1063 2277 1138 2305 Vide
1165 2278 1247 2305 Plinii
1273 2276 1436 2310 epistolam,
1458 2275 1583 2302 Historiae
1604 2274 1735 2300 naturalis

1061 2313 1131 2340 libro
1143 2313 1230 2346 primo
1244 2314 1391 2345 praenxam.

1098 2353 1120 2370 ¹³
1135 2348 1233 2382 QUAM
1248 2355 1337 2374 IPSAM
1350 2353 1503 2373 NATURAM
1515 2347 1525 2376 ]
1536 2343 1602 2372 Haec
1617 2341 1736 2371 totidem

1060 2383 1149 2412 verbis
1166 2382 1240 2412 Plin.
1255 2380 1340 2416 Epist.
1353 2381 1397 2408 111
1408 2400 1416 2410 ‚
1437 2388 1462 2413 ς.
