1952 2708
486 165 1184 207 CHRONOLOGICA.
1438 181 1527 220 459

142 245 237 296 quali
257 244 297 280 hi
317 243 385 279 soli
405 250 590 277 manerent
609 268 618 284 ,
649 240 815 278 traderet.
844 242 939 276 Tum
954 241 1188 278 Domitianus
1202 271 1211 287 ‚
1235 252 1275 279 ut
1292 243 1408 280 vietor
1431 272 1440 288 ‚
1469 258 1526 282 re-

140 306 322 345 gnumque
342 291 485 326 daturus
498 319 507 334 ‚
527 290 662 340 Diegin
680 290 880 328 diademate
896 290 1036 327 evinxit
1055 292 1078 325 ¹.
1097 291 1270 339 Superbas
1286 294 1369 331 inde
1385 294 1502 331 literas
1515 323 1525 339 ,

141 343 370 381 victoriarum
392 341 534 377 nuntias
548 369 556 384 ,
584 341 773 391 amplaque
788 342 990 390 spoliorum
1008 340 1142 377 fercula
1157 369 1166 384 ‚
1188 343 1259 377 una
1277 355 1358 378 cum
1376 345 1527 393 epistola

141 392 364 441 Diurpanei,
392 392 477 428 vera
491 392 667 429 incertum
692 405 738 428 an
756 392 833 429 &Ota
849 421 858 436 ‚
888 392 1032 440 ejusque
1050 392 1187 440 legatos
1212 391 1367 428 Romam
1390 395 1527 438 mittit3

140 443 212 491 quo
231 455 316 478 mox
331 441 405 490 ipse
418 470 426 485 ‚
444 444 546 479 εωᾶο
561 442 675 479 milite
691 442 894 479 honoribus
915 445 949 478 ὃς
972 441 1151 478 donativo
1167 470 1177 486 ‚
1206 443 1418 488 revertitur3
1442 457 1528 495 pro-

142 492 295 537 vinciis,
326 492 432 542 quam
456 492 618 529 hostibus
639 493 785 542 gravior
797 494 823 530 ².

486 567 623 604 ANNUS
644 567 692 604 U.
706 567 747 605 C.
775 579 980 605 DCCCXLHI.
1033 566 1064 601 J.
1082 567 1117 601 C.
1144 576 1208 613 90.

197 639 416 676 Domitiano
442 638 604 689 Augusto
625 639 692 676 XV
708 667 717 684 ,
734 639 784 675 M.
805 639 970 676 Cocceio
994 637 1116 674 Nerva
1141 636 1179 672 ΙΙ
1195 635 1415 674 consulibus.
1442 638 1531 674 Vul-

144 701 231 738 gato
250 689 313 725 sub
335 690 410 726 hoc
434 689 641 738 principatu
668 702 790 731 more,
817 702 891 738 quo
911 688 1030 725 clades
1043 716 1052 731 ,
1072 698 1111 723 ut
1129 686 1314 736 quondam
1339 687 1499 723 vietor-iae
1518 714 1531 729 ‚

143 739 437 783 celebrabantur3
454 739 620 788 Princeps
644 740 687 776 de
703 739 813 775 Dacis
828 738 1087 788 Germanisque
1103 737 1341 786 triumphavit
1354 750 1361 773 ε
1374 750 1441 774 nec
1454 750 1531 773 um-

143 801 250 838 quam
275 789 387 839 magis
409 789 565 825 sollicita
588 789 751 827 adulatio
770 818 779 834 ‚
802 801 841 826 ut
858 789 1092 838 triumphales
1111 790 1184 837 ejus
1214 787 1335 823 statuae
1364 799 1441 823 non
1458 788 1532 823 Ur-

142 839 224 875 bem
240 840 379 875 tantum
394 868 402 883 ‚
420 839 480 875 sed
503 843 536 876 &
556 840 743 888 imperium
758 868 767 884 ,
791 840 996 889 opplerent.
1017 838 1171 875 Acriora
1184 848 1303 874 tamen
1316 836 1442 874 Romae
1459 837 1532 872 stu-

144 888 202 924 dia
218 917 226 933 ,
251 889 454 926 instinctore
466 889 634 940 Principe
649 919 657 935 ,
680 891 741 941 qui
764 890 902 927 militiae
928 890 1063 939 probra
1090 887 1373 937 spectaculorum
1391 887 1532 936 magni-

142 938 287 975 ficentia
310 939 464 977 velabat.
496 941 616 977 Omne
644 954 755 990 genus
791 940 960 976 ludorum
990 939 1127 976 editum
1156 939 1181 974 ³.
1218 938 1261 974 In
1286 937 1500 973 naumachia
1521 964 1533 980 ‚

142 990 241 1037 juxta
255 989 418 1026 Tiberim
435 990 563 1026 effossa
577 994 610 1027 <Sc
625 990 886 1027 circumstructa
901 1018 910 1034 ,
939 1002 1040 1038 pcene
1055 988 1151 1037 justae
1168 987 1286 1024 claffes
1301 1000 1534 1037 pugnavere:

141 1051 179 1075 at
195 1039 319 1075 misera
336 1040 452 1076 fuit&
470 1040 703 1089 spectantium
718 1044 751 1077 ὃς
763 1040 1002 1090 pugnantium
1018 1039 1101 1075 sors.
1130 1038 1183 1074 Hi
1198 1038 1293 1075 enim
1311 1038 1355 1073 ad
1369 1037 1532 1074 omnium

142 1089 253 1139 usque
281 1103 404 1127 necem
426 1101 618 1128 certavere.
646 1091 798 1127 Illorum
816 1091 919 1126 multi
941 1089 1099 1126 exstincti
1121 1089 1202 1124 sunt
1217 1115 1227 1132 ‚
1248 1087 1345 1137 quod
1364 1087 1534 1136 Princeps

144 1139 236 1176 adeo
257 1139 325 1176 fuit
345 1140 536 1189 pervicax,
562 1152 601 1176 ut
624 1169 632 1184 ‚
666 1142 795 1178 coorta
820 1140 1047 1189 tempestate,
1066 1139 1158 1175 inter
1175 1138 1350 1174 maximos
1374 1137 1502 1174 imbres
1522 1164 1533 1180 ,

144 1190 423 1238 prospefiaverit
438 1219 447 1234 ‚
472 1191 583 1228 vestes
598 1191 744 1241 quidem
758 1190 969 1228 idemtidem
989 1198 1234 1232 commutan33
1252 1188 1431 1225 neminem
1446 1188 1533 1224 vero

143 1240 292 1289 egredi,
319 1251 379 1276 aut
405 1241 614 1278 vestimenta
632 1252 766 1278 mutare
783 1241 911 1278 siverit.
938 1241 990 1276 Ut
1009 1241 1046 1276 in
1069 1240 1137 1275 hac
1167 1238 1337 1274 ludorum
1373 1238 1534 1275 satietate

144 1290 338 1326 irritaretur
363 1291 532 1339 voluptas
548 1318 557 1334 ,
579 1302 713 1328 naturcc
732 1291 908 1340 portentis
932 1290 1069 1338 placuit
1090 1288 1212 1325 ludere
1226 1302 1236 1331 3
1252 1288 1399 1337 visaque
1418 1288 1535 1336 pumi-

144 1339 272 1375 Ionum
294 1343 327 1376 ὃς
347 1340 534 1377 mulierum
548 1342 565 1361 4
583 1341 789 1377 certamina.
818 1341 911 1377 Haec
927 1340 1066 1375 ludicra
1079 1338 1221 1387 excepit
1246 1338 1450 1374 convivalis
1470 1339 1534 1373 lae-

145 1389 225 1426 titia
240 1418 249 1433 ‚
273 1389 366 1426 luclu
384 1390 506 1428 mixta.
526 1390 641 1427 Novo
656 1391 803 1440 quidem
817 1390 922 1433 luxu,
951 1393 985 1426 δε
1014 1388 1190 1425 miraculo
1207 1388 1321 1424 noctis
1335 1387 1393 1424 die
1410 1387 1535 1436 splen-

145 1439 297 1475 didioris
313 1467 321 1483 ,
343 1439 464 1476 datum
479 1440 579 1490 plebi
593 1441 751 1490 epulum.
765 1442 905 1477 Contra
919 1438 1095 1488 Principis
1112 1451 1201 1475 cena
1213 1438 1439 1474 tenebrarum
1453 1437 1536 1473 obs-

146 1502 234 1526 curo
252 1490 476 1539 funereisque
505 1491 722 1528 caerimoniis
759 1491 901 1528 horruit
927 1492 952 1526 ⁵.
986 1492 1119 1526 Paratcc
1145 1499 1245 1525 erant
1272 1488 1364 1524 aedes
1386 1488 1533 1537 nigrore

144 1540 291 1576 luridae:
307 1551 381 1576 atra
400 1540 449 1576 ibi
471 1540 670 1591 laquearia,
689 1541 839 1590 parietes
855 1569 864 1585 ,
884 1540 1132 1590 pavimentum
1148 1553 1156 1575 :
1176 1549 1251 1574 atra
1263 1550 1426 1587 quoque,
1451 1538 1533 1573 &in

145 1589 226 1626 solo
244 1590 340 1625 nuda
356 1618 365 1633 ‚
384 1590 520 1627 sedilia.
547 1590 724 1628 Primores
747 1591 885 1628 senatus
900 1590 1137 1640 equestrisque
1164 1588 1302 1624 ordinis
1320 1587 1390 1624 fine
1415 1587 1534 1623 comi-

144 1639 240 1675 tibus
254 1640 325 1676 huc
345 1640 476 1678 intrare
498 1641 689 1691 sedereque
713 1642 813 1688 juffi3
836 1640 1112 1690 sepulcralisque
1129 1638 1301 1675 columna
1326 1664 1336 1679 ‚
1363 1637 1534 1674 convivce

145 1689 295 1726 nomine
315 1689 506 1738 inscripta,
533 1692 663 1741 cuique
679 1691 858 1741 adposita,
883 1704 965 1728 cum
986 1689 1119 1739 exiguo
1146 1688 1358 1737 lychnucho
1381 1715 1390 1731 ,
1419 1687 1535 1736 qualis

144 1740 183 1775 in
209 1740 452 1777 monumentis
479 1741 716 1789 suspenditur.
758 1742 855 1777 Tum
872 1769 881 1785 ‚
910 1740 1114 1776 umbrarum
1145 1737 1275 1779 instar,
1293 1750 1440 1785 erupere
1459 1737 1535 1773 ele-

145 1800 268 1839 gantes
297 1790 399 1838 pueri
420 1819 430 1834 ,
470 1791 558 1827 nudi
584 1794 617 1828 ὃς
639 1803 837 1828 atramento
870 1790 971 1826 tincti
995 1818 1004 1833 ‚
1034 1789 1096 1838 qui
1123 1788 1206 1824 cum
1231 1787 1379 1823 horride
1396 1786 1534 1822 circum

146 1839 321 1876 convivas
347 1840 594 1889 tripudiaffent
612 1872 620 1884 ‚
657 1852 740 1878 ante
766 1842 934 1891 cujusque
965 1840 1074 1888 pedes
1098 1837 1272 1874 adstitere.
1302 1837 1395 1872 Mox
1414 1836 1533 1872 allatae

146 1889 264 1926 feralis
281 1890 445 1927 convivii
466 1891 610 1936 lances3
642 1891 948 1940 ministratumque
976 1888 1153 1939 quidquid
1176 1888 1215 1923 in
1231 1886 1415 1924 funeribus
1429 1885 1536 1923 edule

147 1942 181 1976 &
206 1950 331 1977 atrum.
364 1939 455 1976 Loci
481 1942 613 1978 horror
639 1969 649 1985 ,
680 1954 795 1990 pavor
830 1939 1048 1977 imminentis
1073 1939 1137 1975 fati
1163 1950 1288 1975 omnes
1316 1946 1536 1974 attonuerat.

148 1989 237 2025 Alto
262 1989 402 2026 silentio
425 1990 547 2027 defixis
559 2001 730 2028 terrorem
746 1991 958 2029 intendebat
988 1989 1156 2037 Princeps
1178 2016 1187 2032 ,
1212 1997 1368 2031 mortes,
1394 1987 1508 2023 coedes
1523 2012 1535 2030 ,

147 2050 336 2090 ceteraque
350 2038 513 2076 funebria
526 2054 738 2080 memorans.
766 2041 844 2079 Nec
863 2053 961 2079 cenae
979 2039 1058 2076 finis
1075 2038 1188 2076 metus
1211 2037 1453 2074 laxamentum
1476 2047 1536 2072 tu-

147 2088 189 2125 lit
209 2103 218 2125 :
245 2100 281 2125 at
302 2089 428 2132 servis,
449 2090 510 2139 qui
534 2091 571 2126 in
588 2091 720 2127 aedium
737 2090 919 2128 vestibulis
940 2089 1172 2127 constiterant
1187 2116 1196 2132 ‚
1218 2087 1309 2135 jussis
1328 2086 1534 2130 discedere,

147 2138 211 2174 alii
242 2142 275 2175 ὃς
304 2139 423 2189 ignoti
448 2140 576 2188 praesto
594 2140 691 2177 fuere
706 2169 716 2183 ‚
738 2141 800 2190 qui
828 2142 1004 2178 convivas
1027 2140 1154 2188 partim
1172 2136 1349 2174 vehiculis
1365 2164 1374 2180 ,
1404 2136 1535 2185 partim

148 2187 282 2226 lefficis
298 2189 514 2239 imponunt3
531 2190 664 2227 cunctis
677 2190 934 2241 rigescentibus
947 2219 956 2236 ‚
974 2190 1080 2240 seque
1100 2189 1144 2225 ad
1168 2198 1321 2224 mortem
1336 2187 1413 2237 rapi
1427 2199 1538 2237 repu-

186 2301 195 2315 ¹
214 2295 377 2329 EVINXIT]
400 2297 476 2327 Dio,
497 2296 629 2327 LXVII,
642 2306 704 2332 pag.
716 2301 775 2329 762.
901 2305 912 2322 4
931 2296 1130 2326 ΡυΜῐιοΝυΜ
1159 2303 1196 2324 ΕΤ
1230 2302 1400 2323 MULIERUM
1422 2297 1431 2326 ]
1471 2293 1537 2321 Haec

149 2330 393 2394 &ggcrmvroiss
419 2332 493 2362 Plin.
508 2333 536 2360 in
547 2332 711 2367 Panegyric.
731 2332 821 2361 XVII
865 2340 1022 2402 ῗὶῑῑιηςιέηέζ
1031 2333 1160 2402 ἑξέεοὺηῑ
1187 2330 1292 2358 Statius
1306 2350 1314 2360 ‚
1339 2330 1352 2358 Ι
1374 2329 1514 2357 Silvarum
1528 2346 1537 2358 ‚

166 2434 170 2437 ,
189 2409 196 2425 ³
216 2400 343 2428 ED1TUM
366 2406 376 2434 ]
407 2402 465 2431 Dio
489 2424 496 2433 ‚
522 2402 649 2432 LXVII.
673 2412 735 2439 pag.
760 2407 820 2438 762.
903 2410 911 2427 ε
931 2403 1110 2435 HORRUIT]
1130 2402 1210 2430 Hanc
1221 2410 1317 2429 cenam
1327 2399 1455 2428 describit
1468 2397 1539 2427 Dio.

151 2434 266 2464 «Sueton.
282 2436 310 2463 in
321 2436 429 2467 Domit.
445 2438 487 2466 IV
504 2442 530 2467 ὅ(
547 2438 586 2468 V.
865 2437 979 2465 LXVII
990 2458 999 2469 2
1017 2447 1079 2474 pag·
1094 2442 1155 2472 763-

1137 2477 1186 2518 Μ
1196 2491 1233 2515 m
1243 2490 1282 2514 m
1308 2475 1319 2512 i
1322 2489 1335 2525 J
