1952 2708
393 187 478 214 212
586 167 801 210 NOTAE
844 166 931 208 ΕΤ
968 165 1574 209 EMENDATIONES

393 244 601 295 attigissent,
630 245 741 280 finum
755 244 914 280 Pentland
928 246 1019 280 Firtlz
1042 244 1133 281 inter
1149 244 1368 280 Britanniam
1387 248 1419 281 ὃς
1436 244 1596 281 Orcadas
1614 272 1623 287 ,
1649 246 1690 279 les
1709 245 1782 292 ifle!

395 295 525 344 Orkncy
552 323 562 338 ,
598 295 738 343 ingressi
765 294 844 330 sunt
863 322 872 337 ,
901 297 934 330 ὃς
960 294 997 329 in
1022 294 1243 330 Orientalem
1261 294 1455 330 Britanniae
1481 306 1616 343 partem
1636 294 1778 331 flexere·

393 346 505 381 Nova
524 345 608 381 inde
635 344 765 392 proelia
790 356 871 379 cum
898 343 1029 378 incolis
1056 344 1325 391 provinciarum
1344 347 1514 391 Cathnesi,
1543 345 1750 379 Souzlzerland
1767 372 1778 388 ,

394 396 554 443 Murray,
575 395 703 428 Buclzan
716 419 725 434 ‚
751 396 832 434 &c3
851 404 962 441 eaque
990 393 1202 428 infeliciora.
1218 393 1465 441 Imprudentes
1487 393 1581 428 enim
1614 393 1650 428 in
1668 393 1778 429 castra

394 445 643 480 Romanorum
658 470 666 486 ,
691 442 751 491 qui
770 442 821 477 ibi
836 441 1033 478 tendebant
1046 469 1056 484 ,
1081 442 1241 478 incidere
1255 470 1263 484 ,
1292 443 1339 490 49),
1355 446 1457 478 ’ἔλαθον
1477 448 1506 478 ἐν.
1526 446 1624 478 τέἐπὶ
1647 444 1776 491 Θέτερα,

395 499 463 543 πρὶς
490 494 532 529 ταὶ
548 497 721 541 ςρατόπεὸα
740 492 782 528 ταὶ
800 495 900 538 ταυτξῖ
926 495 996 526 ὄντα.
1013 494 1173 541 προχίντες
1189 520 1198 533 ,
1219 491 1297 527 Dio
1317 491 1404 527 lbld.
1443 491 1557 528 NOVO
1584 493 1657 528 hOC
1684 493 1781 541 peri*-

396 543 482 579 culo
504 542 616 579 territi
634 570 644 585 ,
669 541 925 590 castrensesque
945 554 1066 589 poenas
1082 541 1214 590 magis,
1233 542 1338 590 quam
1359 541 1622 585 calamitosam,
1647 542 1707 578 sed
1734 542 1781 577 li-

394 592 517 628 beram
532 619 541 634 ,
564 592 660 627 suam
686 592 816 628 sortem
843 590 937 627 exoli
955 619 964 634 ,
995 591 1190 627 liburnicas
1214 592 1370 640 propere
1391 601 1557 639 repetunt
1575 619 1584 634 ,
1612 594 1645 627 &
1674 592 1712 628 in
1733 591 1782 627 al-

394 652 469 678 tum
496 642 755 690 provehuntur.
782 641 923 676 Summa
940 641 1039 677 brevi
1065 641 1132 676 fuit
1155 653 1270 677 rerum
1297 640 1459 678 omnium
1488 640 1616 689 inopia
1641 655 1650 676 τ
1674 641 1711 677 in
1736 641 1781 677 iis

396 691 563 741 angustiis
579 720 587 735 ‚
622 692 777 740 primum
806 691 1054 726 infirmissimos
1080 690 1223 727 suorum
1243 719 1253 734 ,
1283 690 1412 727 deinde
1426 691 1520 726 sorte
1536 691 1659 727 duetos
1684 691 1781 728 vesci

397 755 551 791 coepere.
575 742 702 777 Tantis
726 741 921 777 confliftati
949 740 1116 784 miseriis,
1134 740 1338 789 tempestate
1363 752 1424 776 aut
1442 740 1522 789 ipso
1548 740 1689 776 Oceani
1715 740 1783 777 im-

396 803 482 841 petu
497 793 533 827 in
550 805 642 828 mare
660 792 852 828 Suevicum
870 819 879 834 ,
896 793 929 826 la
944 792 1018 826 Mer
1031 792 1180 839 Baltique
1195 819 1204 834 ,
1224 790 1470 827 detruduntur.
1486 790 1541 826 Ibi
1559 803 1667 827 naves
1681 790 1757 826 suas
1769 822 1787 834 ,.

396 842 533 877 viarum
549 842 728 878 erroribus
744 845 776 877 ὃς
795 841 942 890 regendi
961 840 1102 877 inscitia
1116 840 1266 890 quassas,
1279 840 1435 877 amisere.
1450 839 1640 877 Neminem
1654 853 1780 877 eorum
1826 849 1831 852 ’

397 892 501 927 scrrtis
518 892 696 928 misertum
722 891 791 934 est,
816 891 915 941 quod
944 903 1012 939 pro
1040 890 1270 939 praedonibus
1296 890 1521 926 haberentur.
1552 890 1666 940 Igitur
1694 890 1781 926 dum

397 942 592 977 eludantur
615 969 624 985 ,
654 952 694 977 ut
713 941 843 990 patrias
868 940 965 977 sedes
980 950 1162 989 repetant,
1191 940 1346 988 primurn
1365 953 1385 975 a
1399 940 1523 976 Suevis
1543 939 1634 976 inter
1657 939 1781 976 Albim

398 994 430 1027 &e
449 991 617 1027 Vistulam
632 1019 640 1034 ‚
655 992 757 1030 FEzhe
776 992 812 1027 θ’
824 993 855 1026 la
868 991 1006 1038 Vistule‚
1025 1003 1110 1026 mox
1121 989 1264 1026 aFrifiis
1277 990 1368 1026 inter
1382 989 1547 1025 Amisiam
1559 989 1781 1033 &Rhenum,

396 1043 497 1075 [Ems
525 1043 561 1076 ἔπ’
587 1043 613 1076 le
629 1042 715 1076 Rlzin
735 1069 743 1083 ,
762 1040 952 1088 intercepti
987 1040 1077 1075 sunt,
1118 1039 1306 1086 Quosdam
1328 1052 1454 1076 eorum
1474 1053 1537 1087 per
1564 1040 1784 1076 commercia

395 1091 633 1127 venumdatos
650 1119 658 1133 ,
678 1094 711 1126 <Sc
727 1091 763 1125 in
777 1090 978 1126 Romanam
994 1116 1001 1131 ,
1022 1089 1116 1126 idest
1129 1116 1137 1131 ,
1151 1090 1190 1124 in
1202 1089 1368 1125 sinistram
1380 1088 1498 1126 Rheni
1519 1089 1633 1138 ripam
1645 1118 1653 1129 ‚
1671 1093 1780 1135 (nam

393 1139 554 1176 dextram
573 1140 743 1176 tenebant
755 1139 954 1185 Germani,>
966 1139 1136 1175 admistos
1150 1167 1159 1182 ,
1176 1139 1349 1174 indicium
1361 1139 1451 1174 tanti
1465 1139 1563 1174 cassis
1581 1139 1780 1176 illustravit.

444 1190 618 1239 Agricola
641 1201 779 1230 autem,
803 1189 884 1238 post
909 1188 1179 1237 Grampiensem
1206 1188 1392 1224 victoriam
1410 1217 1418 1232 ,
1440 1189 1478 1224 in
1501 1188 1662 1237 publicas
1681 1201 1782 1224 curas

395 1240 636 1290 utilitatesque
657 1240 813 1276 intentus
827 1268 836 1283 ‚
865 1239 986 1275 audita
1002 1239 1065 1274 illa
1083 1238 1291 1287 Usipiorum
1314 1238 1400 1288 fuga
1415 1270 1423 1282 ,
1451 1238 1634 1288 certusque
1662 1251 1724 1275 eos
1738 1251 1782 1275 ex

395 1289 629 1326 Occidentali
655 1289 847 1325 Britannice
878 1300 976 1337 parte
1001 1289 1037 1324 in
1068 1288 1291 1325 Orientalem
1319 1287 1612 1337 Septemtrionali
1629 1288 1782 1337 naviga-=

395 1339 496 1376 tione
514 1340 612 1376 fuiffe
627 1342 810 1388 pervectos
828 1367 837 1382 ,
866 1339 1002 1376 claffem
1015 1338 1104 1374 misit
1122 1367 1130 1382 ‚
1156 1352 1254 1389 quae,
1276 1338 1358 1374 Tao
1370 1338 1532 1374 aestuario
1548 1366 1557 1381 ,
1579 1351 1674 1373 nunc
1690 1339 1783 1373 Firtlz

396 1390 438 1436 of
452 1391 517 1438 Tay
530 1417 539 1433 ,
566 1390 724 1438 profe8ta
737 1417 747 1433 ,
776 1389 883 1425 litora
904 1389 967 1424 illa
991 1389 1034 1424 ab
1051 1388 1203 1425 Oriente
1219 1389 1256 1424 in
1271 1388 1510 1424 Occidentem
1527 1387 1699 1437 relegeret
1711 1415 1720 1430 ,
1748 1391 1783 1423 <Sc

397 1438 662 1488 diligentissime
681 1439 884 1488 exploraret
898 1467 907 1482 ,
929 1438 1007 1475 Dio
1022 1438 1093 1474 loc.
1112 1439 1172 1474 cit.
1202 1438 1310 1474 Tunc
1338 1438 1493 1487 primum
1515 1440 1593 1473 hanc
1621 1451 1708 1473 oram
1725 1450 1782 1472 no-

394 1489 512 1534 viffimi
538 1493 635 1524 maris
649 1490 798 1524 Romana
823 1489 922 1535 clqffis
942 1490 1149 1524 circumvec‘la
1186 1488 1228 1535 est
1243 1516 1252 1532 ,
1279 1489 1471 1536 insulamque
1494 1488 1546 1535 effe
1575 1488 1784 1522 Britanniam

397 1538 587 1585 adfirmavit
608 1554 622 1573 .·
647 1549 735 1574 tunc
752 1538 933 1582 Orcades,
951 1540 993 1574 les
1015 1539 1083 1586 isses
1106 1537 1270 1586 d'Orkncy
1293 1563 1303 1578 ‚
1333 1538 1499 1573 haetenus
1522 1537 1616 1572 fama
1642 1536 1783 1572 tantum

396 1587 570 1637 vulgatae,
594 1589 711 1632 fuere,
732 1589 929 1637 eremigato
953 1588 1216 1636 Septemtrione
1239 1615 1250 1631 ,
1280 1588 1436 1637 cognitae
1455 1590 1487 1624 &
1503 1587 1649 1623 domitae
1667 1600 1675 1623 τ
1695 1597 1784 1623 tunm

396 1638 533 1683 dispecffia
551 1638 593 1685 est
610 1639 708 1673 Thule
720 1666 729 1682 ,
749 1638 799 1674 les
818 1639 895 1674 isses
920 1638 964 1674 de
980 1637 1174 1674 Schetland
1189 1665 1199 1680 ,
1228 1651 1304 1686 quas
1319 1639 1464 1672 hactenus
1483 1641 1541 1672 nix
1556 1638 1591 1672 ξφ
1609 1639 1704 1672 hiems
1727 1637 1783 1671 ab-

398 1688 511 1730 debat,
537 1699 576 1723 ut
605 1688 737 1723 distum
761 1687 809 1724 est
824 1688 926 1736 supra
941 1701 1019 1736 cap.
1047 1700 1104 1724 10.
1121 1686 1223 1723 Hinc
1238 1688 1323 1723 vero
1342 1686 1519 1735 intelligas
1539 1699 1614 1722 non
1629 1685 1673 1720 ad
1687 1686 1783 1721 hanc

397 1737 545 1773 Thulen
562 1768 569 1780 ,
592 1737 652 1773 sed
667 1738 711 1774 ad
729 1737 841 1786 ipsam
857 1738 1078 1773 Britanniam
1097 1736 1279 1773 referenda
1298 1736 1364 1772 effe
1377 1765 1386 1780 ,
1413 1749 1492 1786 quae
1505 1736 1614 1771 habet
1627 1735 1758 1770 Statius
1771 1761 1784 1776 ,

397 1786 564 1823 adulator
577 1788 688 1836 magis
701 1814 710 1828 ‚
725 1788 830 1837 quam
843 1799 953 1836 poeta
965 1815 974 1830 ,
992 1788 1027 1822 in
1046 1787 1222 1822 Silvarum
1239 1786 1316 1823 libr.
1338 1788 1384 1824 V.
1399 1785 1609 1835 Protreptic.
1627 1784 1672 1821 ad
1689 1784 1784 1821 Cris-=

397 1837 548 1885 pinum,
573 1837 727 1881 Bolani,
750 1837 946 1873 Britanniae
968 1836 1142 1886 praesidis,
1168 1836 1281 1872 filium
1301 1835 1338 1871 II
1355 1863 1365 1879 ,
1384 1848 1462 1886 54,

771 1905 813 1934 Tu
834 1904 903 1944 disce
914 1914 1019 1942 patrem
1034 1926 1043 1940 ,
1061 1903 1225 1948 qnanrufiyue
1241 1902 1399 1942 nigrantem

558 1945 696 1975 Fluffihus
711 1944 832 1975 occiduis
844 1969 854 1982 ,
866 1943 980 1984 feſjbque
991 1943 1143 1983 Hyperione
1160 1941 1264 1971 Thulen

558 1985 679 2015 Intrarir
703 1984 836 2013 mandata
852 1994 964 2024 gerens.

444 2042 579 2078 Verum
592 2070 601 2084 ,
625 2053 814 2092 antequam
831 2042 873 2078 de
884 2042 1176 2090 Septemtrionali
1194 2041 1428 2091 navigatione
1443 2039 1586 2076 dicendi
1603 2038 1708 2074 finem
1728 2039 1782 2073 faa

400 2089 493 2126 ciam
509 2117 518 2132 ,
543 2092 691 2127 alterum
709 2092 887 2141 proferam
904 2092 1108 2140 exemplum
1121 2120 1130 2135 ,
1148 2091 1249 2141 quod
1265 2119 1274 2135 ,
1291 2091 1428 2126 utinam
1450 2089 1559 2125 fusius
1577 2088 1691 2124 fuisset
1704 2099 1782 2122 nar-

401 2151 513 2175 ratum
527 2169 535 2183 ,
561 2154 729 2191 magnum
748 2153 882 2178 naturae
900 2154 1067 2177 arcanum
1088 2142 1264 2178 reseraret.
1292 2142 1446 2176 Au&0re
1462 2139 1557 2176 enim
1570 2137 1688 2173 Plinio
1703 2163 1712 2179 ,
1729 2135 1784 2179 II,

404 2190 454 2235 67
468 2218 477 2231 ‚
509 2191 700 2227 Cornelius
728 2194 832 2238 Nepos
855 2192 891 2226 de
908 2193 1164 2237 Septemtrionali
1196 2194 1327 2226 circuitu
1355 2190 1454 2224 tradit
1469 2216 1479 2231 ‚
1510 2189 1629 2232 Quinto
1648 2187 1782 2221 Metello

401 2240 504 2274 Celeri
520 2268 529 2282 ,
544 2242 582 2275 L.
598 2242 730 2288 Afranii
746 2245 778 2276 in
793 2241 953 2287 confidam
972 2243 1097 2289 collegae
1111 2239 1296 2288 (consules
1310 2239 1405 2274 fuere
1420 2250 1515 2273 anno
1531 2236 1637 2272 Urbis
1654 2235 1782 2272 condia

402 2297 448 2323 tae
464 2301 623 2329 DCXCIV,
652 2302 732 2326 ante
752 2290 929 2326 Christum
947 2292 994 2327 60
1009 2298 1022 2335 )
1044 2292 1102 2338 fied
1120 2303 1186 2325 tum
1202 2291 1320 2324 Galliae
1331 2289 1509 2334 proconsuli
1526 2314 1536 2329 ,
1561 2286 1654 2321 Indos
1674 2299 1693 2320 a
1711 2298 1782 2332 rege

401 2338 574 2373 Snevorum
599 2340 676 2374 dono
699 2341 788 2375 datos
802 2367 810 2379 ‚
829 2345 882 2389 qui
901 2355 940 2376 ex
952 2341 1047 2375 Indici
1066 2342 1239 2374 commercii
1253 2339 1348 2373 causei
1365 2341 1572 2385 navigantes,
1588 2335 1782 2381 tempestati-
1816 2351 1818 2353 >

401 2388 459 2424 bus
475 2389 564 2437 effint
580 2391 612 2424 in
626 2389 832 2426 Germaniam
855 2391 986 2435 abrepti.
1010 2388 1068 2426 Sic
1083 2400 1164 2426 ante
1180 2387 1313 2438 viginti
1324 2399 1436 2424 annos
1452 2414 1462 2432 ‚
1484 2383 1784 2423 cumElisabetha
