1952 2708
285 170 374 210 AD
407 166 772 210 DIALOGUM
804 167 886 208 DE
920 168 1360 210 ORATORIBUS.
1429 181 1516 220 257

133 247 251 283 ανὲἶὶον
267 245 309 292 est
320 273 330 288 ,
347 247 393 280 ita
407 246 467 279 erit
483 244 671 292 eloquentia.
685 242 791 278 Antea
811 242 894 276 illud
912 243 1025 290 forum
1042 247 1143 290 magis
1168 246 1364 281 exercebant.
1383 244 1516 282 Melius

134 294 349 342 Rodolphus
365 293 557 342 Agricola,
579 295 683 338 aptior
699 291 741 339 est
757 294 888 327 veritati
905 318 915 334 ,
945 293 1154 339 eloquentiam
1174 305 1277 328 tamen
1295 298 1362 331 δερ.
1380 294 1518 332 Favent

132 345 209 381 Mff.
236 343 352 381 Vatic.
388 343 427 378 in
465 342 592 392 quibus
626 341 797 390 scriptum
832 353 947 391 neque
978 342 1127 382 tantum,
1160 353 1278 390 neque
1314 348 1427 387 tami),
1458 345 1519 381 sed

131 405 248 430 tamen.
271 393 376 430 Certe
405 405 504 429 nova
528 391 744 440 judiciorum
770 391 884 428 forma
911 390 1032 438 aptior
1053 400 1126 426 erat
1150 390 1316 434 veritati,
1345 393 1403 427 cui
1425 394 1519 441 saepe

131 443 327 492 plurimum
347 453 458 480 nocet
481 441 711 493 eloquentia,
740 440 893 477 maxime
918 440 1000 476 cuin
1024 439 1174 476 liberius
1201 443 1234 477 ὃς
1260 440 1427 477 licentius
1450 443 1521 478 exs-

133 504 299 543 patiatur.

183 543 320 579 OMNJA
348 553 501 579 LEGIBUS
523 545 541 587 ]
572 542 670 578 Bene
694 540 772 577 Mff.
796 539 914 577 Vane.
940 540 1128 587 Perperam
1153 538 1237 575 libri
1267 539 1379 583 editi,
1412 542 1518 577 omnia

129 594 163 628 in
188 593 318 639 legibus.

183 640 326 678 Pssimus
348 653 574 678 HUJUSMODI
594 651 728 676 sPATIA
750 651 895 676 TERTIO
917 649 1145 675 CONSULATU
1169 641 1187 683 ]
1216 638 1363 674 Veteres
1385 638 1519 675 editio-

130 703 216 734 ne8‚
241 693 365 738 primus
392 692 557 739 hujus....
583 692 663 736 cons.
688 689 903 732 Rhenanus,
929 688 1059 724 deinde
1085 688 1195 724 ceteri
1221 699 1368 731 ornneS,
1392 691 1517 734 primus

130 744 224 777 tertio
272 741 445 788 consulatu.
495 740 692 790 Supplebat
726 750 847 775 tamen
892 738 1118 786 Rodolphus
1150 737 1327 787 Agricola
1355 764 1364 779 ,
1398 740 1519 783 primus

131 793 223 837 hujus
249 793 293 826 rei
319 791 430 837 spatia
456 794 547 826 tertio
571 791 745 837 consulatu.
785 788 920 836 Lipfius
944 814 954 830 ,
997 789 1121 835 hujusce
1146 789 1268 834 spatia.
1317 785 1378 822 Ad
1405 799 1522 823 rerum

131 840 254 877 seriem
278 839 486 889 sensumque
510 840 624 890 aptius
656 839 743 876 mihi
768 838 931 879 videtur,
960 838 1136 886 liujufinodi
1161 838 1283 884 spatia.
1323 836 1383 873 Sic
1419 837 1522 885 supr&

132 903 211 938 cap.
242 902 314 937 14,
343 891 502 938 ejusmodi.
582 906 584 924 1

177 939 319 975 SOLITA
349 951 435 975 smT
456 943 473 984 ]
505 939 691 987 Perperam
713 937 749 972 in
774 937 874 974 libris
898 936 1002 973 editis
1018 965 1027 981 ,
1047 937 1237 984 fhlitasunt
1251 962 1262 979 ,
1290 945 1330 971 ut
1350 936 1420 983 jam
1440 948 1518 972 mo-

130 1002 239 1025 nuere
264 989 412 1024 Latinus
438 988 600 1024 Latinius
621 992 654 1025 ὃς
678 987 806 1024 Illustr.
833 986 998 1023 Huetius.

186 1037 413 1074 HEREDIBUS
440 1038 620 1074 Ussmmffi
645 1041 661 1083 ]
691 1038 787 1073 Bene
820 1036 971 1084 LipLiuS.
1002 1036 1191 1085 Perperam
1214 1036 1253 1071 in
1285 1034 1352 1070 Ms.
1379 1034 1521 1072 Fames.

132 1089 264 1124 Uriniae.
292 1088 336 1124 In
362 1087 541 1125 veteribus
565 1086 810 1132 editionibus,
842 1089 968 1123 Ironiae.

190 1187 298 1223 CAP.
329 1186 491 1223 XXXIX.
521 1189 656 1223 FORTE
686 1197 898 1222 VIDEBITUR
923 1189 941 1230 ]
972 1184 1071 1220 Male
1109 1184 1192 1219 libri
1221 1183 1333 1227 editi,
1363 1183 1524 1219 videtur:

136 1246 177 1272 ut
202 1238 270 1281 iam
288 1249 458 1274 monuere
478 1237 642 1280 Urfinus‚
661 1237 819 1272 Muretus
834 1263 843 1278 ‚
864 1238 898 1270 ὃς
914 1234 1124 1277 Acidaliu83
1150 1233 1273 1283 resque
1295 1234 1368 1282 ipsa
1389 1233 1522 1269 suadet.

189 1286 423 1322 DtLiGENTis
448 1290 594 1331 sTYLi]
625 1288 680 1322 Ita
711 1285 787 1321 Mff.
816 1285 935 1321 Vatic.
968 1283 1009 1319 In
1036 1283 1199 1320 editione
1230 1283 1414 1331 principe,
1444 1284 1523 1318 dili-

135 1349 224 1385 gens.
252 1336 360 1372 Unde
387 1336 603 1372 Puteolanus
627 1334 853 1375 emendavit,
883 1335 1078 1380 diligentem.

181 1386 488 1423 MUNICIPIORUM
516 1398 637 1422 ETIAM
660 1391 677 1432 ]
708 1387 804 1421 Bene
825 1383 902 1420 ΜΠ.
928 1383 1042 1420 Vatic.
1062 1383 1105 1417 In
1128 1381 1227 1417 libris
1249 1381 1373 1426 editis,
1397 1382 1433 1417 &⁴
1453 1395 1525 1416 mu-

131 1449 334 1481 mczptorum.

183 1486 242 1521 Ac
270 1498 361 1521 PARS
389 1486 590 1522 ITALiAE..;
619 1495 852 1521 ADSISTERET
875 1487 892 1529 ]
920 1484 1018 1519 Bene
1037 1482 1157 1517 adhuc
1184 1481 1261 1518 Mff.
1284 1480 1400 1516 Vatic.
1427 1481 1524 1516 Cor-

136 1535 240 1582 rupte
262 1534 375 1572 editio
402 1536 593 1585 princepe,
621 1549 657 1570 ac
682 1538 788 1581 partis
812 1535 966 1570 Italiae...
998 1532 1158 1578 qffifceret.
1187 1531 1277 1567 Inde
1306 1530 1524 1568 Puteolanus

135 1583 407 1630 emendaverat,
436 1599 472 1621 ac
495 1597 604 1632 partes
629 1586 785 1622 Italiae...
814 1583 973 1631 affi'steret.
998 1582 1101 1625 Alii,
1129 1581 1310 1629 affisterent.

191 1683 299 1718 CAP.
326 1683 398 1719 XL.
425 1683 575 1720 DATUM
603 1695 664 1719 Jus
686 1687 702 1730 ]
732 1683 785 1718 Ita
810 1682 887 1718 Mff.
915 1682 1032 1717 Vatic.
1059 1684 1093 1717 ὃς
1120 1680 1211 1716 reete
1243 1679 1398 1728 quidem.
1423 1678 1522 1714 Male

136 1731 219 1767 libri
243 1732 352 1775 editi,
380 1734 489 1768 datum
508 1737 563 1781 jus
586 1747 713 1781 quoque.
740 1732 877 1768 Frustra
901 1731 1062 1767 tentabat
1085 1729 1296 1766 Gronovius
1312 1757 1321 1772 ‚
1349 1731 1469 1775 cuique.

184 1783 461 1818 ABSTJNERENT
488 1786 505 1828 ]
535 1783 686 1831 Optime
715 1782 790 1818 Mff.
817 1781 934 1818 Vatic.
960 1781 1019 1817 Sic
1041 1792 1186 1830 quoque
1213 1778 1364 1814 volebat
1386 1777 1525 1813 Acida-

136 1829 216 1866 lius.
241 1831 336 1867 Male
358 1843 492 1868 veteres
514 1832 714 1875 editiones,
742 1831 958 1879 abstinuerunt
981 1846 995 1866 .·
1020 1840 1198 1870 recenteS,
1223 1827 1441 1874 abstinuerint.

191 1879 334 1916 Pomm
364 1894 484 1917 ETIAM
509 1886 527 1927 ]
554 1882 597 1917 In
620 1881 697 1918 Mff.
717 1881 833 1917 vatic.
865 1883 898 1917 &
923 1880 1086 1917 editione
1113 1877 1277 1927 principe
1294 1905 1302 1919 ‚
1327 1878 1437 1922 populi
1466 1876 1526 1919 ὃς

138 1928 237 1964 facili
256 1929 481 1966 librariorum
503 1944 621 1968 errore
637 1959 646 1975 ,
674 1931 735 1980 qui
761 1932 796 1966 θ’
819 1942 887 1979 pro
912 1933 1007 1965 etiam
1032 1929 1125 1978 saepe
1148 1926 1361 1964 scribebant.
1387 1925 1526 1962 Puteo-

138 1978 240 2013 lanus
265 1979 468 2016 emendavit
482 2011 501 2022 „
515 1983 625 2026 populi
649 1994 788 2028 quoque,
816 1979 946 2016 eodem
975 1978 1086 2014 sensu.

191 2029 339 2064 MAGNA
369 2041 455 2065 ILLA
480 2033 497 2074 ]
526 2029 622 2066 Bene
644 2030 719 2067 Mss'.
742 2030 860 2064 Vatic.
884 2028 925 2063 In
949 2028 1046 2063 libris
1069 2027 1174 2064 editis
1190 2055 1198 2065 ,
1227 2026 1299 2073 ista.

187 2079 247 2112 NE
277 2078 539 2114 MACEDONUM
570 2090 722 2120 QUIDEM
747 2083 765 2124 ]
797 2077 901 2113 Rthe
924 2077 1097 2113 Ernestus.
1119 2075 1215 2112 Male
1243 2085 1346 2110 antea
1374 2086 1438 2108 nec.

187 2127 278 2161 AUT
308 2139 442 2163 ULLIUS
464 2130 475 2174 ]
504 2127 654 2175 Optime
679 2127 754 2163 Mff.
782 2127 900 2162 vatic.
927 2126 988 2162 Sic
1011 2138 1156 2175 quoque
1177 2124 1326 2161 volebat
1352 2122 1528 2159 Ernestus.

139 2175 183 2211 In
207 2175 304 2211 libris
331 2177 461 2218 editis,
495 2190 530 2211 ac
557 2179 668 2212 ullius.

190 2224 358 2261 PLUR1M1
387 2227 660 2263 ATHENOENSES
695 2229 712 2270 ]
755 2225 882 2262 Melius
916 2224 994 2261 Mss.
1033 2224 1150 2260 Vatic.
1185 2222 1230 2258 In
1262 2221 1363 2258 libris
1395 2221 1526 2264 editis,

140 2274 339 2320 Athenienses
365 2277 514 2322 plurimi.

189 2324 328 2360 NULLA
348 2337 388 2360 IN
409 2337 558 2362 SENATU
578 2336 826 2360 REVERENTIA
840 2351 849 2368 ‚
870 2334 1002 2359 NULLA
1019 2334 1057 2359 in
1076 2333 1236 2359 Junlcns
1255 2321 1525 2364 MODERATIO]

139 2370 237 2408 Haee
261 2373 396 2422 Lipfius
418 2387 438 2411 e
466 2375 532 2410 Ms.
557 2373 709 2411 addidit.

256 2433 379 2482 Tom.
413 2434 508 2486 IV.
1244 2437 1323 2476 Kk
