1952 2708
117 495 140 534 5

92 813 142 840 10

90 1128 137 1166 15

355 148 550 191 LIBRI
608 145 886 189 DECIMI
935 146 1351 192 ANNALIUM.
1453 163 1540 202 415

166 246 190 267 ³>
202 228 283 270 coli
302 230 416 269 :vitis
441 229 554 268 usum
571 241 655 268 non
671 227 747 267 ess‘e
759 233 769 249 ¹
786 255 799 277 ,
817 228 946 282 pomis
963 227 1162 271 abundare
1180 235 1195 252 ²
1213 249 1220 271 :
1239 231 1314 273 esse
1336 233 1376 271 in
1391 231 1543 288 piscatu

166 309 189 330 >2
201 292 469 347 voluptatem,
492 290 732 331 testudinum
750 290 922 330 maxime
935 319 948 340 ,
974 306 1139 344 quarum
1156 293 1362 348 superficie
1375 295 1543 337 familias

165 353 460 394 »habitantium
475 359 758 409 contegerent³
779 371 786 394 ε
801 353 964 394 aedificia
974 354 1132 395 modice
1149 354 1194 395 ab
1212 357 1335 397 humo
1355 360 1502 399 exstare
1536 376 1543 399 ι

164 432 399 457 »annonam
426 432 641 471 numquam
664 418 801 472 augeri
827 422 844 445 4
874 434 881 457 :
905 432 987 457 non
1018 417 1103 458 fora
1125 423 1136 448 5
1159 417 1300 460 litesve
1327 421 1403 461 esse
1434 439 1441 461 ε
1462 420 1544 462 coli

167 479 421 521 »Herculem
449 479 493 520 ⁶:
523 480 615 521 festa
639 481 853 521 venatione
881 479 1032 520 absumi
1061 494 1073 526 3
1099 482 1348 534 gratiffimam
1376 498 1464 525 eam
1490 486 1544 525 ti-

165 542 332 598 »gribus
370 542 668 600 elephantisque
698 549 712 571 ⁷
743 544 933 585 constare.
968 543 1125 597 Regem
1151 542 1247 598 eligi
1275 561 1296 585 a
1320 547 1474 601 populo
1488 548 1542 588 se-

164 605 307 647 »ῃεξὶὲι
326 605 643 661 clementiaque,
661 606 806 648 liberos
832 622 915 647 non
936 605 1177 653 habentem3
1205 611 1244 648 6<
1275 608 1301 646 sl
1326 611 1456 663 postea
1481 612 1543 665 gi-

163 683 292 723 >›gnat
319 669 491 710 abdicari
517 699 530 720 ,
570 685 619 710 ne
646 671 714 710 fiat
728 669 1012 710 hereditarium
1033 684 1200 724 regnum
1223 687 1230 710 :
1259 672 1427 712 κεῖθι-63
1459 675 1494 712 ei
1520 689 1542 713 a

165 731 351 787 »populo
392 746 491 772 xxx
537 733 619 774 dari
646 750 653 772 :
681 748 756 773 nec
792 733 861 772 nisi
892 731 1066 788 plurium
1088 733 1282 774 sententia
1304 749 1543 789 quemquam

167 812 188 832 >2
200 796 340 850 capitis
356 795 559 842 damnari3
586 796 637 836 sic
651 811 808 850 quoque
822 795 1134 852 appellationem
1154 797 1230 838 esse
1255 797 1303 838 ad
1319 797 1511 854 populum
1530 812 1542 844 ;

165 875 188 895 2>
200 871 289 898 Lxx
319 857 470 910 judices
492 859 573 899 dari
590 874 601 906 3
617 859 644 898 si
661 859 834 900 liberent
847 875 958 900 reum
971 890 983 910 ‚
998 859 1165 915 amplius
1180 862 1343 916 triginta
1361 891 1371 910 ‚
1395 863 1441 902 iis
1458 860 1542 901 nul-

163 920 275 961 »lam
299 922 373 962 effe
401 922 676 976 dignationem
692 954 704 973 ,
727 923 950 977 gravissimo
969 922 1131 978 probro.
1158 925 1265 978 Regi
1297 923 1451 964 cultum
1468 925 1542 964 Li-

163 983 280 1024 »beri
306 987 425 1040 patris
441 1015 454 1035 ,
478 987 618 1026 ceteris
646 985 823 1025 Arabum
845 983 860 1006 ⁸
883 1003 890 1026 :
914 1000 1047 1040 regem
1064 1015 1076 1035 ,
1113 986 1138 1024 fi
1167 987 1262 1040 quid
1291 986 1497 1041 delinquat
1526 1016 1540 1037 ‚

162 1060 323 1088 »morte
339 1047 522 1098 multari,
540 1047 654 1088 nullo
677 1049 956 1098 incerimeme,
983 1048 1252 1090 aversantibus
1277 1051 1427 1091 cunffls
1453 1080 1466 1101 ,
1499 1054 1540 1091 &

163 1112 440 1151 »commercia
467 1112 587 1151 etiam
616 1111 807 1153 sermonis
830 1110 1067 1166 negantibus
1082 1116 1111 1152 9.

226 1173 453 1215 XXXIV.
478 1175 535 1215 Ἠ
543 1186 611 1215 AEC
641 1173 692 1215 ob
728 1175 948 1216 novitatem
971 1173 1221 1216 audientibus
1243 1189 1365 1230 grata.
1387 1175 1541 1218 Liben-

162 1325 281 1356 vertice
298 1326 336 1356 ad
351 1326 498 1358 inferiora
513 1327 594 1357 linea
606 1329 685 1358 reela
699 1327 830 1358 deducti.

162 1365 244 1397 Vide
256 1365 433 1396 Diodorum
449 1367 602 1401 Siculum,
614 1368 658 1401 II,
672 1377 719 1405 57.

203 1410 210 1423 ¹
237 1406 309 1435 Non
331 1416 397 1435 essa
410 1410 421 1440 ]
435 1406 523 1435 Haud
535 1408 607 1436 vere
622 1416 694 1444 ergo
708 1406 831 1436 lambu—

163 1443 208 1473 lus
221 1466 229 1479 ,
243 1444 322 1482 apud
338 1444 511 1475 Diodorum
528 1445 665 1475 Siculum
676 1469 683 1481 ‚
705 1447 731 1474 II
744 1466 752 1479 ‚
772 1456 810 1488 59
822 1469 830 1480 ‚

161 1482 207 1512 ibi
230 1483 308 1513 vites
326 1483 496 1524 vinumque
515 1493 678 1514 memorat.
701 1485 831 1514 Minime

162 1529 268 1552 tamen
294 1531 367 1553 tunc
400 1524 508 1563 ignota
534 1523 607 1553 vitis
634 1524 685 1553 vel
709 1523 741 1552 in
764 1523 831 1562 ipfis

160 1561 299 1591 Orientis
309 1562 432 1592 finibus.
441 1563 545 1593 Vitem
556 1563 640 1593 enim
652 1562 684 1592 in
694 1562 777 1592 Sinas
788 1563 831 1592 in-

161 1600 250 1630 vexit
272 1599 466 1640 Tchang-Kien
479 1625 488 1638 ‚
511 1602 564 1640 qui
580 1612 664 1632 anno
690 1612 742 1631 122
759 1610 831 1632 ante

160 1639 311 1669 Christum
331 1649 434 1670 extera
453 1651 546 1679 regna
565 1642 604 1671 ad
616 1641 755 1671 §inarum
769 1643 830 1671 Oc-

160 1678 320 1709 cidentem
341 1679 437 1718 posita
460 1680 537 1711 adiit
553 1703 562 1717 ,
579 1683 649 1710 ciam
662 1682 831 1720 Imperator

161 1717 235 1748 effer
254 1718 307 1746 Kin
318 1736 328 1740 -
338 1719 370 1747 ti.

200 1761 213 1775 ²
235 1758 333 1787 Pomis
359 1768 519 1788 morimini:
539 1759 553 1795 ]

161 1795 215 1826 riis
235 1796 399 1836 citreisque
424 1797 529 1834 malis,
556 1797 590 1828 &
606 1797 673 1827 aliis
692 1798 723 1827 id
735 1808 829 1836 genus

160 1836 322 1866 arboribus
334 1859 343 1873 ,
368 1847 434 1876 quae
450 1847 502 1875 per
516 1845 617 1867 totum
636 1847 751 1867 annum
768 1837 830 1868 sru-

161 1874 260 1906 &tibus
275 1875 464 1913 floribusque
479 1876 546 1906 sunt
560 1877 703 1915 gravidae.

201 1919 210 1939 ³
234 1914 493 1953 CONTEGERENT]
509 1915 629 1951 Tanta,
649 1915 752 1955 inquit
769 1915 830 1945 Pli-

159 1952 229 1983 nius
240 1977 248 1988 ,
263 1953 340 1983 ibid.
357 1954 550 1992 reperiuntur
565 1954 789 1994 magnitudine.

196 1997 211 2016 4
233 1993 404 2027 NUMQUAM
438 2004 551 2023 Auorm
575 1995 589 2030 ]
633 1995 753 2031 Nempe
788 1994 829 2024 ob

159 2042 260 2070 oryzae
273 2055 281 2068 ,
301 2031 325 2060 le
336 2032 375 2060 ris
387 2055 396 2067 ‚
415 2032 536 2070 copiam
550 2056 558 2070 ,
582 2043 648 2072 quae
664 2034 696 2062 in
711 2033 766 2063 hac
779 2033 829 2062 in-

159 2071 221 2100 sula
242 2071 282 2101 est
295 2071 535 2110 quammaxima.
562 2073 658 2102 Forte
676 2074 708 2103 δε
724 2072 831 2110 provi-

158 2110 275 2140 debant
304 2110 482 2141 sterilitates.
513 2111 582 2148 Qua
605 2112 693 2141 laude
709 2111 831 2148 jamin-

159 2149 334 2180 claruerant
349 2151 551 2188 Imperatores
563 2149 761 2187 Sinenses,ac
771 2160 832 2180 ma-

160 2188 243 2219 xime
263 2190 433 2227 Imperator
451 2189 564 2218 Saea—ri
585 2213 594 2225 ‚
617 2189 669 2228 qui
688 2200 772 2220 anno
794 2200 831 2228 54

161 2236 232 2258 ante
254 2228 407 2259 Christum
427 2239 511 2258 nova
536 2228 645 2259 horrea
668 2229 830 2267 condidit;

161 2267 196 2296 &
219 2290 227 2303 ,
257 2270 326 2298 cum
358 2267 553 2298 fertilissimus
587 2267 688 2299 fuisset
716 2279 830 2305 annus,

162 2315 304 2344 magnam
337 2317 436 2346 oryzae
468 2307 534 2336 vim
564 2308 681 2345 majore
705 2307 797 2338 etiam
821 2331 830 2345 ‚

161 2345 255 2382 quam
280 2354 345 2376 tum
367 2347 559 2376 vendebatur
578 2371 586 2383 ,
616 2347 715 2386 pretio
740 2357 829 2378 com-

163 2384 304 2423 paravit,
323 2393 355 2417 ut
369 2385 518 2418 sterilibus
536 2385 624 2418 annis
638 2386 744 2418 viliori
760 2397 830 2425 pre-

586 1757 721 1788 Maxime
749 1759 831 1798 Assy-

871 1327 916 1358 tio
934 1328 1104 1364 venderem
1129 1327 1169 1358 fic
1187 1328 1342 1368 geminata
1367 1330 1475 1369 populi
1497 1331 1540 1362 sui

871 1366 1012 1397 utilitate.

912 1412 920 1432 5
945 1407 1018 1436 Nou
1038 1407 1143 1443 rom]
1169 1405 1219 1435 Ob
1244 1405 1333 1437 insita
1357 1406 1457 1446 gentis
1473 1407 1541 1437 ani-

870 1445 927 1475 mis
947 1445 1064 1483 justitiae
1077 1445 1170 1475 studia
1183 1469 1190 1479 ‚
1203 1455 1268 1475 non
1281 1445 1349 1476 fora
1362 1469 1370 1482 ,
1380 1456 1445 1476 non
1459 1447 1540 1484 lites,

871 1493 903 1515 ut
924 1486 1030 1515 Romae
1047 1509 1055 1522 ,
1087 1484 1131 1514 fre
1157 1485 1372 1515 uentabantur.
1400 1487 1514 1516 Verum
1530 1509 1540 1522 ‚

870 1527 941 1553 cum
971 1524 1024 1554 ubi
1057 1524 1125 1554 sunt
1170 1523 1314 1561 omines,
1343 1524 1387 1554 ibi
1413 1535 1540 1564 quoque

870 1562 927 1593 fint
942 1563 1021 1594 vitia
1034 1586 1042 1599 ,
1065 1563 1102 1592 iis
1124 1573 1249 1602 quoque
1270 1563 1354 1594 fuere
1373 1564 1406 1595 ὃ(
1421 1565 1540 1602 judices

871 1604 904 1633 ὃ(
926 1613 1044 1641 poenae,
1069 1611 1103 1632 ut
1124 1613 1198 1632 mox
1217 1601 1347 1633 dicetur.

908 1643 923 1660 ⁶
942 1643 1134 1678 Humum]
1148 1641 1541 1680 Herculem,Liberumque

870 1689 986 1719 patrem
1001 1704 1009 1716 ‚
1030 1681 1079 1710 seu
1091 1680 1264 1718 Bacchum,
1286 1691 1362 1711 mox
1372 1681 1543 1711 nominan—

870 1720 964 1757 dum,
990 1719 1151 1759 indigenas
1179 1721 1252 1750 deos
1273 1720 1476 1757 crediderim,
1493 1721 1543 1751 sed

870 1759 911 1789 ita
926 1760 1096 1799 appellatos
1121 1758 1376 1798 interpretatione
1390 1760 1542 1790 Romana.

870 1799 966 1830 Forte
986 1809 1090 1829 tamen
1113 1799 1155 1828 ob
1171 1799 1339 1829 Alexandri
1361 1799 1465 1837 Magni
1480 1799 1543 1829 vic—

871 1838 966 1868 torias
986 1838 1188 1877 gentiumque
1219 1837 1407 1868 commercia
1429 1838 1543 1869 Graecis

870 1878 1080 1916 AEgyptiisquc
1104 1876 1366 1914 superstitionibus
1384 1877 1468 1907 fuere
1482 1877 1543 1907 im„

869 1917 950 1947 buti.

909 1962 921 1981 7
948 1957 1207 1991 ELEPHANTISQUE
1229 1955 1243 1992 ]

870 1994 932 2025 loc-
963 1995 1016 2025 cit.
1044 1994 1212 2034 Ontficritus
1232 2017 1240 2029 ‚

869 2033 972 2073 Magni
998 2034 1139 2071 praefeiflus
1164 2058 1173 2071 ‚
1198 2033 1354 2070 elephantos
1373 2032 1411 2062 ibi
1426 2035 1543 2072 majores

870 2073 962 2102 bellico
974 2074 1088 2112 roresque
1114 2097 1123 2110 ,
1149 2075 1225 2112 (μιάνῃ
1255 2072 1281 2101 in
1307 2071 1388 2100 Indis}
1421 2096 1429 2109 ‚
1460 2073 1543 2117 gigni

861 2113 979 2150 scripit.
1005 2112 1175 2143 Maximam
1204 2112 1316 2143 famam
1345 2111 1378 2141 in
1411 2115 1543 2144 Oriente

870 2152 970 2182 adhuc
987 2152 1145 2182 obtinent.

1280 1954 1368 1984 Teste
1406 1954 1508 1986 Plinio
1531 1977 1541 1990 ‚

1279 1993 1364 2032 claffis
1386 1994 1543 2024 Alexandri

910 2191 920 2209 ⁸
944 2193 1082 2222 CETERls
1108 2191 1275 2227 Antinum]
1302 2189 1418 2220 Caelum
1433 2190 1542 2221 &So-

870 2230 930 2260 lem
947 2234 1115 2271 cunstaque
1135 2230 1261 2261 caelestia
1281 2239 1297 2258 a
1318 2230 1541 2268 Taprobanitis

870 2269 956 2300 fuiffe
989 2271 1069 2301 culta
1093 2270 1185 2301 tradit
1211 2269 1381 2300 Diodorus.
1398 2269 1540 2307 Siculus,

870 2311 917 2345 ΙΙ,
941 2319 987 2348 59·
1475 2347 1479 2352 ,

907 2354 919 2372 ⁹
943 2351 1148 2378 Nrcmrmus
1176 2348 1191 2386 ]
1220 2348 1292 2379 Haec
1323 2347 1357 2380 &
1384 2347 1541 2386 superiora»

870 2387 1008 2426 Plinius,
1030 2389 1090 2426 VI,
1107 2398 1158 2419 22.

1563 282 1592 306 A.
1605 284 1635 307 U.
1646 283 1677 307 C.

1583 339 1656 367 799·

1587 381 1610 404 J.
1621 381 1650 405 C.

1595 429 1646 466 46.
