1952 2708
394 124 600 166 LIBRI
645 123 836 163 NONI
884 122 1304 167 ANNALIUM.
1464 131 1548 178 383

166 205 321 261 ingenti
353 206 506 260 impetu
541 203 742 258 impaEto‚
775 204 925 242 corruit
960 203 1092 244 sensus)
1129 220 1294 260 expers,
1327 207 1552 247 constantiae

167 283 301 310 tamen
328 266 434 307 haud
473 269 697 306 immemor.
736 266 843 305 Nam
875 263 1106 306 refocillatae
1136 269 1261 321 prima
1282 269 1402 310 verba
1423 270 1552 311 fuere:

174 349 196 368 «
221 331 397 370 dixeram
418 329 532 370 vobis
554 330 805 369 inventuram
825 342 889 368 me
911 327 1129 382 quamlibet
1149 329 1285 370 duram
1313 332 1359 371 ad
1383 347 1555 374 mortem

125 448 130 451 .
166 394 304 434 »viam
320 422 331 442 ,
354 393 379 432 fi
402 408 474 433 vos
495 391 656 434 facilem
679 391 886 446 negassetis
909 408 950 429 »-
973 391 1076 432 Tam
1098 393 1240 432 acriter
1264 393 1443 449 suprema
1467 410 1554 437 ten-

117 465 141 506 5
169 468 322 497 tantem
343 456 424 496 fors
445 455 560 508 juvit.
587 453 775 496 Extrema
800 456 907 495 enim
932 454 1158 496 necestitate
1182 457 1326 496 marito
1349 457 1528 499 nuntiata
1541 489 1555 510 ,

169 519 436 576 percussorem
460 520 629 569 exosus,
658 533 734 559 nec
761 531 895 559 tamen
922 519 1062 558 mortis
1086 518 1176 558 satis
1199 519 1357 569 firmus,
1380 523 1557 576 pugione

169 584 304 639 petius
342 581 610 639 praetentabat.
648 582 775 622 Testis
804 582 921 621 Arria
966 581 1115 621 ferrum
1144 582 1298 635 stringit
1322 612 1334 632 ,
1380 585 1553 638 perfodit

169 647 302 702 pe'Stus
320 675 333 695 ‚
355 647 528 686 extrahit
544 647 762 701 pugionem
777 674 789 694 ,
803 645 971 700 porrigit
988 646 1129 685 marito
1146 660 1157 692 3
1177 643 1388 700 additaque
1402 661 1504 687 voce
1526 654 1554 698 ¹,

182 725 203 745 ‹<
231 709 334 749 Paete
353 738 365 758 ,
396 724 479 749 non
509 707 620 749 dolet
648 712 661 728 ²
690 726 711 745 2>
735 738 747 758 ,
769 705 990 748 occumbit.

93 782 143 810 10
232 771 409 812 XLIII.
437 773 502 811 AB
515 784 689 822 SIMILI,
710 771 778 811 sed
797 771 904 824 aeque
923 769 1107 825 singulari
1122 770 1225 812 facto
1242 772 1393 812 Lucius
1410 773 1525 812 Otho
1542 778 1553 802 ³

168 833 369 875 inclaruit.
397 835 513 876 Reffi
540 836 646 875 enim
675 835 865 891 pervicax
888 863 900 884 ,
931 834 1043 874 ausus
1070 835 1121 874 est
1147 836 1187 874 in
1217 833 1384 888 Illyrico
1410 834 1557 875 milites

168 898 359 951 quosdam
383 927 396 948 ,
427 898 535 952 quod
563 911 677 938 motu
709 897 964 938 Scriboniani
995 911 1044 937 ex
1074 896 1301 952 paenitentia
1330 898 1557 954 praepofitos

169 961 259 1001 suos
276 991 288 1011 ‚
319 961 424 1014 quasi
452 961 685 1001 defectionis
710 960 894 1000 adversus
919 957 1134 1000 Claudium
1161 962 1337 1001 auctores
1353 989 1366 1010 ,
1399 961 1557 1002 occide-

168 1038 277 1073 rant,
303 1025 433 1079 capite
458 1025 598 1079 punire
624 1029 662 1074 4,
692 1023 915 1079 &quidem
938 1036 1028 1063 ante
1052 1024 1247 1079 principia
1273 1028 1311 1073 5,
1338 1023 1376 1063 se
1397 1038 1555 1064 coram:

90 1094 140 1134 15
169 1088 348 1140 quamvis
370 1086 420 1127 ob
445 1087 483 1127 id
506 1086 635 1142 ipsum
659 1100 867 1142 promotos
891 1087 931 1126 in
953 1085 1190 1141 ampliorem
1211 1087 1377 1141 gradum
1399 1103 1420 1127 a
1438 1086 1557 1127 Clau-

168 1149 236 1190 dio
260 1150 389 1191 sciret.
415 1149 597 1190 Gloriam
622 1150 727 1205 apud
751 1149 931 1189 militaris
959 1148 1175 1204 disciplina:
1201 1150 1349 1205 peritos
1367 1149 1555 1206 adeptus,

169 1214 335 1266 gratiam
362 1213 466 1268 apud
493 1214 719 1268 Principem
747 1214 904 1252 minuit.
930 1213 1077 1261 Hanc,
1105 1214 1260 1253 reteclis
1286 1212 1444 1254 nefariis
1472 1214 1555 1254 Ro-

167 1276 275 1316 mani
295 1277 438 1329 equitis
462 1276 645 1316 adversus
665 1290 755 1316 eum
777 1273 949 1316 consiliis
964 1304 976 1324 ,
1008 1288 1052 1314 ut
1071 1289 1178 1316 anno
1203 1276 1388 1330 proximo
1413 1290 1556 1331 oppor-

168 1340 302 1379 tunius
324 1338 533 1394 expediam
553 1337 569 1359 ⁶
596 1367 608 1388 ,
638 1353 721 1378 non
744 1338 866 1378 modo
892 1339 1162 1392 recuperavit,
1186 1338 1253 1378 sed
1278 1339 1398 1379 etiam
1422 1341 1554 1389 auxit,

85 1410 142 1438 20
168 1401 310 1456 magna
347 1402 481 1457 priscae
519 1401 763 1451 severitatis,
792 1399 962 1441 maxima
989 1400 1157 1441 infracta:
1184 1401 1278 1441 fidei
1303 1400 1433 1442 laude.
1459 1403 1557 1443 Hoc

168 1480 274 1505 anno
295 1493 306 1514 ,
350 1479 432 1505 uno
461 1479 481 1504 e
509 1463 676 1504 tribunis
716 1463 842 1520 plebis
881 1463 1097 1513 defuneto,
1131 1465 1284 1513 ceteri,
1317 1479 1556 1518 quamquam

167 1527 421 1584 praesentibus
449 1525 679 1568 consulibus
696 1556 708 1576 ‚
741 1527 917 1568 senatum
956 1540 1125 1581 coegere
1152 1532 1167 1554 ⁷
1198 1539 1241 1566 ut
1271 1526 1371 1568 alter
1396 1527 1556 1569 suffice-

169 1604 290 1631 retur.

231 1653 401 1694 XLIV.
434 1653 648 1694 TIBERIO
672 1651 844 1693 Claudio
868 1652 1019 1693 Caesare
1042 1653 1103 1692 III
1129 1656 1168 1694 ὅς
1190 1653 1237 1693 L.
1262 1652 1434 1694 Vitellio
1462 1669 1558 1694 con-

167 1714 316 1756 sulibus
329 1713 358 1767 8,
374 1716 561 1756 festorum
582 1714 916 1770 sollemniumque
937 1716 1090 1757 dierum
1113 1731 1300 1757 numerus
1318 1718 1359 1756 in
1379 1718 1553 1759 immane

209 1859 217 1872 ¹
241 1854 356 1890 Voce]
378 1853 498 1884 Vocem
519 1853 604 1884 illam
618 1853 792 1882 immortalem
807 1863 840 1881 ac
881 1854 933 1893 qui
955 1854 1055 1892 postea
1072 1854 1130 1884 fuit
1151 1856 1334 1893 Imperator.

163 1902 244 1930 paene
276 1892 397 1921 divinam
424 1893 555 1931 appellat
579 1892 694 1922 Plinius
718 1915 725 1927 ‚
762 1892 839 1922 ibid.
920 1899 934 1916 4
956 1895 1074 1924 CAPITR
1098 1899 1233 1928 PUNIRE]
1257 1896 1326 1925 Haec
1344 1895 1451 1925 omnIa
1475 1895 1554 1927 toti-

168 1934 327 1969 Quant‘um
343 1931 375 1960 in
391 1931 445 1961 hac
458 1932 562 1962 Stoice}
575 1931 694 1961 ferocia
709 1931 840 1961 insanie·
882 1933 951 1963 dem
968 1934 1070 1962 verbis
1087 1933 1252 1963 Suetonius
1267 1933 1298 1962 in
1313 1933 1441 1964 Othone
1460 1936 1482 1965 Ι,

168 1971 230 2000 rint
245 1973 370 2001 Veteres
393 1970 537 2000 omnibus
556 1979 769 2008 compertum,
794 1971 840 2001 sa-
923 1978 930 1998 5
953 1974 1038 2002 Aure
1061 1974 1240 2009 rniucffm]
1262 1973 1308 2002 De
1321 1973 1496 2011 principiis,
1510 1974 1556 2004 lo-

168 2010 267 2048 tisque
282 2010 413 2039 diximus
429 2009 460 2039 in
476 2009 568 2039 Notis
592 2010 626 2040 &
637 2010 839 2040 Emendatio-
882 2021 919 2041 co
940 2011 1103 2041 castrorum
1118 2011 1310 2042 sacratiffimo
1321 2036 1329 2049 ‚
1344 2013 1458 2043 dictum
1470 2015 1554 2052 supra

169 2049 261 2079 nibus
277 2050 315 2078 ad
329 2049 441 2078 Annal.
462 2049 505 2077 vl
518 2071 526 2082 ‚
549 2059 596 2083 29.
882 2050 992 2079 Annal.
1009 2052 1041 2085 Ι,
1059 2054 1108 2079 61.

211 2094 222 2107 ²
248 2089 319 2118 Nor<
344 2089 476 2123 Dour]
500 2088 626 2122 Verbo,
648 2085 841 2117 fortitudinis
921 2090 933 2107 ⁶
954 2090 1153 2126 Expssmm]
1176 2089 1259 2120 Infra
1275 2101 1340 2128 cap.
1359 2102 1409 2129 49.

170 2127 266 2165 pleno
278 2151 285 2162 ‚
301 2127 406 2157 nescio
422 2127 496 2166 quid
505 2126 686 2156 urbanitatis
698 2126 776 2156 male
792 2126 843 2156 ad-
920 2133 932 2153 7
955 2130 1104 2158 SENATUM
1127 2132 1288 2168 comme]
1313 2130 1387 2168 Dio,
1401 2131 1467 2160 LX.
1485 2141 1554 2172 pag.

171 2166 251 2196 didit
266 2166 432 2202 Martialis,
451 2166 634 2205 Epigramm.
651 2167 662 2194 1
677 2188 685 2200 ‚
705 2176 750 2202 14.
883 2170 953 2205 676.

204 2215 272 2247 Casia
286 2217 328 2247 fiio
340 2217 444 2248 gladium
458 2215 508 2239 siim
526 2216 628 2239 traderer
640 2215 714 2239 Arria
727 2216 789 2239 Paeto
802 2233 808 2242 ‚
923 2206 934 2225 3
963 2208 1160 2237 (Σοκευιιευε
1189 2212 1200 2241 ]
1228 2208 1371 2239 Tiberius
1406 2204 1554 2240 Claudius

236 2260 239 2263 ·
255 2251 327 2280 Quem
344 2251 371 2274 de
387 2249 511 2279 vili-eribus
526 2256 632 2273 traxerat
648 2249 764 2286 lpsksi11'53
814 2282 818 2286 η
882 2245 979 2275 Caesar
993 2247 1033 2274 Ill
1047 2270 1055 2281 ‚
1072 2247 1107 2275 L.
1118 2246 1260 2277 Vitellius
1273 2247 1454 2284 ll‚consules
1470 2248 1553 2279 fuere

205 2282 232 2306 Si
244 2284 362 2315 quafides,
373 2284 453 2307 vulnus
463 2302 467 2309 ,
479 2284 603 2315 quodferi,
615 2291 659 2306 non
670 2284 842 2313 dolet,mqu1t:
882 2295 965 2315 anno
994 2285 1082 2315 Urbis
1126 2287 1260 2316 001]deae
1297 2299 1421 2318 Dccxcv
1430 2299 1448 2317 1.
1486 2288 1553 2317 Jesu

255 2317 301 2340 3²³
311 2318 399 2349 quodni
414 2318 490 2348 facies
501 2335 508 2345 2
530 2318 570 2340 hoc
582 2317 655 2343 mihi,
677 2318 738 2340 Pa-re
749 2334 756 2343 ›
774 2316 843 2339 ΛΟΜ·
883 2323 991 2353 Christi
1008 2334 1058 2361 43.
1081 2327 1113 2354 In
1139 2335 1242 2356 vetere
1258 2326 1459 2364 inscriptione
1473 2327 1552 2364 apud

211 2364 221 2386 3
247 2361 364 2392 Lucms
388 2364 480 2393 Orno
495 2363 509 2398 ]
532 2362 621 2393 Pater
634 2361 676 2391 M.
689 2361 842 2400 Othonis,
882 2364 1031 2394 Muratori
1050 2387 1058 2402 ,
1089 2364 1216 2403 Thefizur.
1252 2364 1377 2404 Inscript.
1411 2367 1505 2396 Tom.
1529 2367 1553 2396 Ι,

1575 226 1690 240 ===

1575 261 1604 285 A.
1618 262 1646 285 U.
1659 262 1688 286 C.

1596 313 1668 343 795·

1603 358 1663 382 J.C.

1610 414 1660 443 42.

1578 1705 1607 1728 A.
1621 1707 1649 1728 U.
1661 1706 1692 1730 C.

1599 1755 1672 1791 796-

1605 1810 1626 1833 J.
1635 1811 1666 1834 C.

1610 1866 1659 1894 43·
