1952 2708
218 270 250 293 A.
263 271 291 292 U.
303 270 331 293 C.

239 325 310 353 791.

245 370 303 392 J.C.

356 135 441 170 282
635 123 1454 177 SUPPLEMENTUM

355 212 476 265 Septa
491 213 502 230 ¹
521 236 533 258 ,
558 209 783 262 horumque
805 208 986 264 pertaesus
1000 238 1013 259 ,
1043 224 1088 250 ac
1117 206 1308 249 subversis
1337 205 1522 248 domibus
1538 234 1551 256 ,
1580 205 1621 246 in
1641 203 1748 247 subi-

357 274 472 313 tarias
509 273 759 312 theatrorum
786 273 995 313 machinas
1028 275 1042 292 ²
1070 301 1084 323 ,
1119 270 1168 312 ad
1201 270 1438 327 gladiatoria
1475 284 1668 320 munera,
1696 269 1746 310 ad

357 336 619 386 venationes,
635 335 683 376 ad
718 335 929 376 Circenses
948 365 962 386 ‚
992 335 1201 384 scenicos,
1227 332 1427 387 Trojanos
1447 363 1460 384 ,
1489 334 1747 374 naumachia-

356 401 436 439 rios
462 398 607 449 ludos,
635 397 825 454 pensilem
862 397 1059 455 populum
1091 399 1326 438 Romanum
1363 396 1607 437 circumfert.
1645 396 1747 437 Haec

357 463 426 502 diu
448 491 462 512 ,
496 463 581 502 haec
618 462 764 512 noestu,
783 461 890 502 Urbe
907 491 921 512 ,
958 474 1151 501 terrarum
1178 462 1368 509 viCtrice,
1392 459 1441 499 ad
1467 460 1600 500 inania
1624 456 1746 499 lumi-

357 524 474 565 nibus
510 522 743 566 collucente
762 555 774 575 ,
795 525 918 565 Circo
948 525 1075 564 minio
1103 527 1142 564 ἃ
1172 520 1427 577 chrysocolla
1463 527 1473 550 ³
1508 522 1707 562 constrato
1730 551 1745 572 ,

355 587 628 642 aurigantibus
651 588 897 629 senatoribus
915 592 931 616 4
945 616 959 638 ‚
990 587 1075 643 ipso
1098 587 1284 643 Principe
1312 585 1490 640 argentei
1518 586 1743 642 pegmatis5

354 664 564 706 agitatore.

418 714 598 754 XXIX.
623 715 765 755 VANA
787 713 947 768 quidem
970 715 1080 764 haec,
1108 712 1289 754 nondum
1309 725 1444 754 tamen
1465 710 1653 762 infanda,
1676 710 1745 752 sed

351 778 465 819 brevi
492 790 647 833 patrum
675 776 905 818 adulatione
933 779 974 817 in
1001 776 1238 826 licentiam,
1267 774 1408 832 populi
1430 774 1571 831 plausu
1593 775 1636 815 in
1663 788 1745 815 tur-

353 841 577 897 pitudinem
603 854 804 897 corrupta.
830 842 964 881 Patres
990 841 1096 880 enim
1113 870 1126 890 ,
1161 856 1182 880 a
1208 840 1394 895 Principe
1423 852 1612 894 rogatos,
1638 837 1746 879 haud

351 904 496 960 puduit
524 902 738 945 theatrales
765 903 1026 958 cruentasque
1052 902 1162 958 leges
1191 901 1389 952 scribere,
1421 905 1462 942 ὃ(
1487 900 1746 942 senatuscon-

350 966 457 1007 sulto
488 966 694 1008 decretum
725 984 746 1004 «
776 982 825 1008 ne
853 969 895 1007 in
922 966 1169 1022 gladiatoriis
1194 964 1422 1006 muneribus
1451 966 1511 1005 vir
1532 966 1662 1005 virum
1685 962 1745 1004 le-

348 1044 494 1084 »geret
520 1061 533 1081 ‚
577 1030 645 1071 sed
683 1045 821 1071 omnes
857 1029 1093 1086 proeliorum
1142 1044 1254 1071 more
1290 1028 1504 1070 confertim
1539 1028 1744 1083 adpugna-

349 1106 473 1134 >›rent
499 1091 522 1143 ⁶,
540 1110 583 1134 2³.
609 1095 710 1134 Non
741 1092 819 1145 jam
846 1093 988 1134 sudore
1004 1123 1017 1143 ‚
1046 1106 1085 1134 at
1113 1093 1305 1147 sanguine
1334 1096 1374 1133 &
1400 1104 1531 1132 morte
1556 1097 1742 1131 certatur.

349 1157 589 1197 Animarum
615 1156 772 1197 vilitate
805 1186 818 1208 ,
852 1155 1085 1212 populoque
1112 1156 1160 1196 ad
1198 1155 1267 1195 sua
1312 1154 1452 1195 funera
1487 1152 1704 1210 plaudente
1729 1182 1744 1204 ,

353 1220 538 1260 efferatus
566 1220 757 1276 Princeps
782 1220 941 1274 quosvis
971 1220 1020 1260 ad
1052 1219 1176 1260 caedes
1202 1217 1374 1276 postulat
1401 1235 1409 1258 :
1438 1217 1506 1258 sex
1534 1221 1574 1258 ὅ(
1598 1217 1745 1272 viginti

351 1283 504 1336 equites
521 1288 535 1309 ⁷
565 1283 731 1326 funebri
746 1298 910 1324 munere
936 1284 1108 1339 perimit.
1132 1282 1316 1336 Cumque
1342 1295 1559 1335 numquam
1585 1280 1630 1321 fit
1655 1294 1746 1321 cru-

352 1344 527 1386 delitatis
553 1346 693 1397 satias,
723 1351 763 1388 ὃς
791 1346 1005 1400 aliquando
1031 1347 1208 1386 damnati
1239 1345 1287 1386 ad
1314 1344 1467 1385 belluas
1498 1343 1605 1384 haud
1632 1343 1743 1383 suffi-

351 1422 517 1458 cerent,
547 1407 658 1460 jubet
687 1426 708 1445 ‹<
737 1410 974 1465 spectatores
1004 1410 1181 1465 corripi,
1209 1408 1452 1465 praecisisque
1474 1406 1623 1462 linguis
1657 1403 1671 1428 8
1696 1424 1741 1456 »,

350 1485 395 1512 ut
425 1473 580 1526 questus
607 1476 646 1512 &
677 1473 879 1514 miseratio
909 1471 1227 1521 intercludatur,
1255 1488 1276 1507 «
1305 1471 1354 1511 ad
1386 1471 1486 1510 feras
1517 1469 1663 1526 projici
1690 1486 1741 1509 »z

349 1549 427 1575 nec
455 1535 601 1575 vesano
630 1535 781 1586 furori,
810 1536 880 1576 nifi
905 1535 1123 1577 levioribus
1152 1533 1322 1576 caedibus
1336 1563 1350 1584 ,
1380 1546 1588 1589 temperat.

412 1597 566 1638 XXX.
600 1599 788 1640 MAcno
814 1595 966 1656 primus
993 1600 1036 1639 in
1063 1612 1203 1655 poenas
1229 1598 1309 1637 ruit
1335 1601 1365 1637 9.
1393 1596 1537 1637 Certus
1562 1596 1740 1637 insanam

350 1705 415 1734 latu
434 1728 443 1741 ‚
477 1705 511 1734 in
539 1716 649 1745 campo
680 1706 796 1737 Martio
827 1707 1024 1737 exstruxerat.
1069 1703 1566 1744 Chr1ocolle‚efinecedeSpaslwerd.
1581 1703 1715 1734 Minium
1728 1725 1738 1741 ,

350 1744 413 1773 Dio
426 1767 433 1777 ,
456 1746 509 1774 LI.
530 1755 598 1784 pag.
616 1749 686 1783 460.
704 1749 834 1776 Sueton.
852 1747 886 1776 in
902 1747 1024 1785 August.
1068 1745 1092 1774 le
1139 1744 1263 1774 innabre.

349 1784 466 1814 XXIX.
489 1785 522 1813 in
544 1784 646 1821 Caio,
672 1787 787 1816 XVIII.
1105 1789 1119 1808 4
1140 1785 1380 1814 AURIGANTmUS
1405 1784 1639 1820 semronmus]
1666 1784 1740 1813 Sue-

392 1828 399 1841 ¹
424 1824 457 1852 IN
481 1825 602 1861 stiam]
626 1826 717 1862 Septa
734 1825 768 1854 in
783 1835 894 1864 campo
909 1824 1024 1854 Martio
1066 1833 1133 1855 ton.
1156 1823 1233 1853 ibid.
1476 1825 1479 1827 ’

348 1861 507 1893 dedicavit
521 1863 657 1902 Agrippa
678 1866 790 1895 onstavo
803 1863 927 1904 Augusti
944 1874 1024 1894 con·
1107 1869 1115 1890 5
1136 1864 1301 1893 ARGENTr-:l
1319 1861 1492 1898 PEGMATIS]
1505 1860 1740 1898 Plin.XXXIII,

348 1901 467 1931 sulatu:
483 1903 524 1932 ob
537 1903 730 1941 amplissimas
752 1914 861 1934 eorum
875 1903 1025 1942 porticus,
1068 1913 1094 1939 3.
1107 1904 1186 1932 Sec't.
1210 1905 1256 1932 16.
1277 1900 1365 1930 Caius
1377 1901 1505 1937 princeps
1524 1900 1552 1929 in
1571 1900 1651 1928 Circo
1665 1910 1739 1939 peg-

350 1940 395 1970 ibi
410 1940 484 1979 saepe
500 1942 539 1971 ab
551 1943 687 1981 Augusto
701 1943 827 1974 &Caio
846 1944 916 1973 data
941 1943 1026 1982 spec-
1065 1951 1110 1970 ma
1133 1940 1212 1970 duxit
1231 1964 1241 1977 ,
1273 1940 1301 1969 in
1329 1950 1378 1978 quo
1399 1939 1476 1976 fuere
1505 1940 1615 1978 argemi
1649 1938 1738 1975 pondo

348 1981 461 2010 tacula.
477 1980 539 2011 Dio
551 2004 560 2016 ,
579 1983 662 2011 LIII.
682 1992 750 2022 pag.
765 1993 833 2021 512.
848 1985 978 2013 Sueton.
992 1982 1025 2012 in
1067 1989 1173 2010 CXXIV
1187 2004 1196 2018 ‚
1220 1988 1357 2010 monetae
1377 1979 1505 2009 Gallicae
1516 1979 1610 2009 libras
1633 1980 1737 2017 &105-

347 2020 428 2062 Aug.
451 2021 563 2050 XLIII.
584 2020 617 2050 in
636 2022 736 2058 Caio,
753 2023 866 2052 XVIII.
889 2024 929 2052 At
950 2030 1024 2052 tunc
1062 2021 1158 2051 Forte
1174 2029 1250 2058 opus
1265 2018 1425 2049 materiam
1435 2018 1603 2058 superabat.

350 2059 445 2088 Caius
465 2060 554 2097 Septa
576 2059 707 2098 effodit,
728 2062 762 2092 ὃς
781 2061 859 2100 aqua
872 2061 1023 2100 replevit,
1103 2061 1116 2079 ⁶
1139 2061 1330 2090 Con-Fannii
1362 2069 1595 2089 ADPUGNARENT
1621 2061 1633 2092 ]
1663 2057 1736 2087 Haee

349 2106 383 2126 ut
397 2107 487 2126 unam
500 2099 606 2129 navim
617 2100 819 2131 introducere
831 2102 937 2140 poffet.
948 2100 1023 2138 Dio,
1063 2098 1125 2130 Dio
1141 2123 1150 2135 ‚
1174 2100 1257 2128 LIX.
1280 2108 1347 2137 pag.
1369 2102 1442 2136 647.

348 2137 423 2166 Ῑ-ῙΧ
436 2160 444 2170 s
462 2147 528 2176 Fag-
542 2142 613 2177 647-
1102 2145 1114 2164 7
1133 2140 1195 2169 Sex
1216 2148 1254 2168 ετ
1270 2148 1395 2169 viem-rr
1414 2145 1542 2172 tomus
1564 2137 1578 2172 ]
1594 2135 1655 2165 Eos
1673 2134 1735 2172 jam

389 2179 400 2191 ²
421 2176 649 2208 THFATRORUM
663 2178 1021 2217 M.xcn1n.as]Dio,LIX.
1063 2186 1154 2208 antea
1181 2176 1356 2215 dilapidatis
1384 2175 1580 2206 facultatibus
1603 2174 1637 2204 ὃς
1667 2174 1735 2217 gia-

348 2224 418 2254 Pag·
439 2218 510 2253 647·
1064 2216 1204 2248 diatoriis
1235 2215 1456 2246 certaminibus
1487 2213 1618 2243 infames
1649 2211 1735 2243 fuisse

390 2259 398 2265 ⁴
424 2255 525 2285 Mnuo
550 2266 588 2284 ET
617 2267 839 2287 CHRYSOCOLLA
865 2267 1022 2288 coNSTRA-
1063 2258 1158 2287 docet
1179 2255 1264 2291 Dio,
1287 2255 1348 2285 loc.
1372 2254 1424 2284 cit.
1658 2289 1664 2294 ·
1693 2289 1698 2294 ¹

349 2295 559 2336 ‘roj'Suetom
579 2295 704 2325 loc.cit.
718 2296 922 2335 Chrysocoiia
936 2296 1021 2332 auri,
1103 2296 1115 2316 ⁸
1136 2297 1345 2329 Pnfficrsmoue
1367 2302 1488 2323 unctus
1507 2293 1521 2328 ]
1544 2290 1627 2334 Dio,
1646 2290 1734 2333 und.

348 2342 482 2362 mmmm
507 2334 627 2369 argenti
649 2334 753 2365 sanies.
777 2336 856 2365 Plin.
878 2337 1021 2365 XXXIII.
1101 2340 1113 2358 9
1136 2336 1168 2364 In
1185 2343 1282 2363 POENAS
1301 2342 1378 2363 nun·
1394 2334 1408 2370 ]
1427 2333 1582 2361 Macronis
1604 2337 1736 2359 exitium

347 2371 462 2410 praefat.
493 2366 732 2413 Ch‘rysoconam
760 2375 859 2408 adhuc
890 2374 1022 2406 dicimus
1062 2373 1128 2405 fuse
1156 2381 1258 2404 narrat
1284 2371 1392 2409 Philo,
1416 2372 1523 2410 Legat.
1543 2370 1581 2400 ad
1604 2368 1737 2406 Caium,

1775 790 1826 818 10

1773 1104 1821 1143 15

1766 1423 1820 1449 20
