1952 2708
362 162 453 210 460
807 149 1319 193 APPENDIX

365 232 535 270 rantibus
567 227 619 265 Ut
636 236 756 266 tamen
779 229 928 280 quisque
950 229 1012 266 sua
1030 230 1069 265 in
1087 229 1199 266 domo
1219 228 1387 279 repositi,
1412 229 1642 266 formidinem
1665 230 1758 268 inter

367 288 401 319 δε
427 282 525 330 spem
546 280 720 329 ancipites
736 279 905 328 respirare
925 290 1113 328 coeperant
1133 307 1143 323 ‚
1172 279 1256 315 cum
1275 279 1458 315 nuntiatur
1479 279 1623 330 fingulis
1649 276 1757 330 quos-

367 332 450 368 dam
473 331 517 367 ab
536 330 699 380 Augusto
715 331 860 372 venire3
875 329 1021 378 gravior
1047 329 1140 365 redit
1165 341 1281 376 pavor
1296 357 1305 371 ‚
1325 329 1510 379 statimque
1531 330 1626 366 subit
1645 331 1758 367 adrni-

366 382 484 425 ratio,
510 381 593 417 cum
621 381 801 416 columnae
832 390 1007 427 argenteae
1025 407 1034 422 ‚
1062 379 1183 415 lances
1200 378 1306 427 pretii
1332 379 1536 427 laborisque
1556 380 1758 429 exquisitis-

368 432 445 469 fimi
477 431 515 466 in
545 431 635 466 cena
657 428 851 478 adpositae,
877 429 1018 478 aliaque
1041 428 1079 464 id
1101 428 1202 464 luxus
1226 428 1323 464 dona
1346 428 1553 464 afferrentur
1579 443 1588 463 :
1615 428 1758 479 lingulis

369 493 518 532 quoque
549 480 650 516 datus
685 492 792 528 puer,
817 479 879 528 qui
904 479 1044 515 inferna
1066 478 1223 527 imagine
1238 477 1367 514 luserat
1383 506 1393 521 ‚
1414 489 1491 514 tum
1515 477 1611 514 lotus
1630 491 1759 528 comp-

369 532 509 581 tusque.
542 530 602 566 Sic
633 532 739 566 noete
768 529 954 577 absumpta
980 557 990 571 ‚
1017 528 1132 577 coepit
1159 527 1334 576 Principis
1355 527 1548 564 liberalitas
1573 527 1756 566 celebrari.

370 582 421 618 At
436 593 515 631 quse
536 580 611 629 ipse
631 580 863 628 triumphalia
882 577 1114 615 vietoriarum
1129 577 1260 614 decora
1276 578 1476 626 jaftitabat,
1490 577 1619 626 vulgus
1636 578 1760 616 ferales

370 633 495 682 epulas
519 643 646 667 eorum
671 630 732 679 qui
753 630 789 665 in
806 629 922 665 Dacia
943 628 1190 665 occubuerant
1204 656 1214 672 ‚
1240 628 1299 664 vel
1318 628 1356 663 in
1372 627 1473 664 Urbe
1488 627 1730 665 mactabantur
1746 656 1761 674 ,

368 681 490 718 verius
519 680 718 730 appellavit
748 680 773 715 ¹.
805 679 920 714 Ausus
942 689 1062 715 tamen
1088 678 1136 714 est
1150 677 1395 728 Septembrem
1419 677 1575 715 mensem
1590 680 1623 714 δε
1640 680 1761 716 0610-

368 731 469 768 brem
491 744 535 768 ex
553 728 859 779 appellationibus
891 729 960 764 suis
989 730 1215 764 Germanicum
1240 730 1524 777 Domitianumque
1542 727 1763 765 transnomi-

369 795 456 819 nare
473 783 510 825 ²3
534 781 633 830 quod
659 780 772 816 altero
793 779 995 828 suscepiffet
1018 779 1208 828 imperium
1234 806 1244 822 ‚
1279 779 1393 816 altero
1416 789 1518 814 natus
1536 777 1629 815 effer.
1647 779 1761 815 Man-

370 831 445 868 sere
460 830 640 867 vocabula
654 861 662 873 ,
689 829 774 866 dum
801 829 924 866 saevire
941 829 1064 878 potuit
1087 843 1095 864 :
1113 829 1251 878 periere
1268 856 1277 872 ‚
1303 829 1367 864 ubi
1387 828 1486 865 defiit
1506 828 1635 865 timeri.
1657 830 1761 866 Inte-

369 882 437 918 rim
454 881 585 917 Civica
603 880 759 917 Cerealis
776 907 785 923 ‚
805 879 896 916 Afiae
911 879 1111 929 proconsul
1125 907 1134 922 ‚
1155 892 1206 916 res
1221 891 1335 915 novas
1356 889 1431 916 erat
1445 878 1604 914 molitus.
1618 877 1663 913 In
1678 880 1761 928 ipso

368 931 631 980 proconsulatu
659 930 799 967 occisus
816 929 864 966 est
881 931 907 965 ³.
928 929 1008 965 Asia
1024 955 1033 971 ‚
1050 929 1089 964 in
1110 928 1347 966 rebellionem
1368 929 1540 966 ebrietate
1567 930 1641 964 aaa
1656 959 1664 971 ,
1694 943 1762 966 ex-

370 982 492 1018 cidere
524 981 646 1017 vineas
674 980 759 1029 jussa
782 981 811 1015 4.
835 979 973 1016 Aderat
999 992 1111 1015 annus
1129 1007 1138 1022 ,
1169 992 1243 1029 quo
1262 979 1439 1028 Agricola
1462 978 1762 1028 proconsulatum

373 1031 462 1067 Afiae
477 1034 510 1067 ὃς
525 1030 658 1068 Africae
676 1031 860 1067 sortiretur
888 1045 896 1065 :
920 1041 1010 1066 artes
1036 1029 1282 1079 invidiamque
1297 1029 1504 1065 Domitiani
1522 1028 1654 1065 veritus
1674 1058 1685 1073 ,
1716 1043 1764 1067 ne

370 1081 411 1117 in
430 1080 659 1129 provinciam
689 1080 757 1117 iret
788 1080 823 1117 se
853 1078 1059 1120 excusavit,
1078 1079 1323 1128 annuentique
1345 1079 1504 1126 Principi
1521 1078 1649 1128 gratias
1672 1081 1759 1129 egit.

371 1130 546 1166 Salarium
577 1141 697 1166 tamen
716 1158 726 1174 ,
752 1129 966 1178 proconsuli
995 1129 1142 1165 solitum
1173 1129 1321 1172 offerri,
1349 1128 1533 1178 Agricolae
1558 1141 1635 1164 non
1660 1129 1762 1166 dedit

370 1180 606 1217 Domitianus
619 1209 627 1223 ‚
643 1180 714 1217 five
729 1180 885 1217 offensus
904 1193 980 1217 non
1002 1179 1157 1229 petitum
1170 1207 1181 1225 2
1196 1178 1266 1217 five
1281 1192 1324 1218 ex
1337 1177 1580 1225 conscientia,
1602 1191 1648 1217 ne
1660 1179 1762 1230 quod

371 1242 533 1269 vetuerat
556 1230 737 1269 videretur
758 1230 875 1268 emisse
889 1231 915 1267 ⁵.

704 1304 840 1341 ANNUS
864 1304 969 1342 U.C.
994 1317 1201 1342 Dcccxmv.
1255 1305 1285 1340 J.
1301 1307 1337 1341 C.
1357 1317 1422 1351 91.

427 1380 480 1416 M.
503 1380 622 1429 Ulpio
652 1379 813 1426 Traiano
837 1408 846 1423 ,
886 1379 938 1415 Μ.
962 1378 1085 1415 Acilio
1103 1379 1305 1416 Glabrione
1332 1379 1542 1416 consulibus
1564 1405 1573 1422 ,
1614 1378 1762 1429 vulgata

370 1430 561 1480 prodigia,
582 1442 660 1479 qua?
679 1429 872 1465 Glabrioni
886 1429 1034 1466 exitium
1049 1458 1059 1473 ‚
1085 1430 1243 1477 Traiano
1261 1429 1449 1478 imperium
1464 1429 1722 1478 portenderent
1736 1429 1763 1468 ⁶.

371 1481 480 1516 Certe
503 1480 651 1528 Traiani
673 1480 806 1524 virtus,
836 1480 873 1515 in
901 1479 1018 1515 castris
1047 1481 1116 1527 jam
1143 1479 1297 1528 probata
1318 1507 1328 1523 ,
1344 1479 1453 1515 Urbis
1478 1479 1673 1528 splendore
1705 1479 1765 1515 in-

372 1530 592 1566 clarescebat
611 1543 622 1573 3
641 1529 842 1579 faaumque
869 1530 1073 1566 calamitate
1097 1541 1321 1578 temporum,
1350 1540 1389 1564 ut
1417 1529 1520 1565 multi
1546 1532 1619 1577 ejus
1644 1529 1762 1565 fortu-

372 1592 455 1615 nam
473 1591 729 1629 augurarentur
753 1580 850 1615 simul
876 1583 908 1616 ὃς
930 1591 1158 1628 precarentur
1173 1581 1199 1614 ⁷.
1227 1579 1402 1616 Favorem
1425 1578 1578 1629 augebat
1594 1579 1766 1628 Princeps

371 1630 411 1664 in
436 1629 510 1666 dies
534 1630 706 1666 atrocior.
731 1630 861 1666 Juliam
878 1658 887 1673 ‚
910 1629 1046 1666 incesto
1065 1629 1243 1678 pollutam
1258 1657 1266 1673 ‚
1301 1629 1401 1679 quod
1426 1629 1532 1677 supra
1548 1629 1765 1665 memoravi-

372 1691 472 1722 mus,
501 1679 586 1714 dum
614 1679 715 1728 cogit
740 1691 959 1727 conceptum
982 1692 1002 1714 a
1026 1679 1061 1714 se
1080 1679 1221 1729 abigere
1237 1680 1248 1698 ⁸
1266 1710 1274 1721 ‚
1299 1678 1507 1722 occiderat3
1535 1691 1694 1728 moxque
1710 1679 1763 1714 di-

371 1728 466 1764 vinis
500 1728 703 1764 honoribus
742 1730 917 1765 extulerat
943 1731 969 1765 ⁹.
997 1730 1110 1776 Super
1137 1730 1232 1764 hanc
1254 1728 1443 1765 libidinem
1464 1755 1473 1770 ‚
1496 1728 1574 1764 aliis
1600 1729 1730 1764 mersus
1750 1756 1763 1772 ,

370 1779 473 1814 tanti)
490 1790 564 1815 erat
580 1778 726 1814 invisior
742 1806 750 1821 ‚
774 1779 873 1828 quod
891 1779 925 1815 se
949 1778 1161 1814 acerrimum
1185 1778 1332 1814 violatae
1361 1778 1547 1827 pudicitiae
1575 1778 1762 1815 vindicem

370 1828 519 1865 ferebat.
533 1828 765 1876 Vespasianus
779 1829 924 1878 quidem
934 1828 1110 1878 Titusque
1120 1827 1315 1864 Vestalium
1333 1828 1461 1865 incesta
1481 1828 1763 1878 neglexerant¹⁰:

371 1878 451 1914 haec
474 1878 705 1914 Domitianus
724 1879 891 1914 aemulatu
923 1879 1034 1928 magis
1053 1906 1063 1922 ‚
1085 1879 1190 1927 quam
1210 1878 1401 1914 sanffltatis
1417 1878 1555 1922 studio,
1583 1878 1759 1915 coercuit.

370 1927 447 1963 Jam
483 1928 546 1964 sub
580 1928 655 1976 ipsa
678 1928 902 1977 principatus
922 1928 1027 1964 initia
1046 1956 1056 1972 ‚
1082 1928 1266 1964 Ocellatas
1296 1928 1435 1964 sorores
1460 1927 1763 1978 Varonillamque

371 1977 596 2026 corripuerat
613 1979 640 1994 ¹²
661 1991 670 2013 τ
696 1979 738 2013 iis
769 1989 888 2015 tamen
912 1979 1115 2027 permissum
1139 1978 1291 2014 liberum
1313 1977 1439 2013 mortis
1470 1977 1677 2021 arbitrium3
1699 1990 1762 2013 ea-

369 2039 518 2077 rumque
552 2039 782 2078 corruptores
807 2028 966 2079 relegati.
1009 2030 1117 2065 Nunc
1147 2029 1234 2065 vero
1260 2027 1355 2078 quasi
1378 2027 1615 2078 indulgentiae
1635 2027 1763 2077 poeni-

408 2120 416 2130 ι
439 2109 658 2142 Amantiam]
680 2111 758 2141 Dio,
772 2113 825 2139 loc.
841 2111 888 2139 cir.
1124 2118 1133 2133 ⁷
1151 2110 1193 2138 Er
1219 2119 1448 2138 rchARtNTuR
1470 2114 1479 2142 ]
1515 2110 1597 2145 Quos
1621 2110 1691 2137 inter
1708 2108 1760 2136 fuit

406 2150 417 2162 ‘-
437 2144 734 2178 Tnmrsnommna]
757 2146 872 2175 Sueton.
892 2147 921 2173 iu
934 2145 1044 2174 Domit.
1087 2146 1217 2180 Agricola
1227 2167 1234 2176 ,
1257 2146 1323 2173 teste
1333 2146 1432 2173 Tacito
1444 2166 1451 2175 ,
1465 2146 1526 2173 Vir.
1539 2146 1633 2180 Agric.
1649 2143 1759 2171 XLIV.

371 2178 459 2206 XIII.
1123 2184 1132 2200 8
1152 2181 1319 2212 Ameana]
1346 2181 1461 2208 Sueton.
1484 2181 1514 2207 in
1525 2180 1636 2208 Domir.
1656 2178 1759 2207 XXII.

410 2223 417 2239 ³
438 2212 578 2241 ocem-s
599 2224 650 2243 EST
661 2220 671 2248 3
682 2217 840 2245 Tacit.Vit.
852 2216 1045 2252 Agric.XLII.
1087 2215 1161 2243 Vide
1171 2216 1370 2247 &juvenalem
1387 2216 1474 2249 Satyr.
1490 2215 1519 2242 ΙΙ
1532 2236 1540 2245 ,
1562 2224 1604 2250 3²·
1738 2247 1744 2252 ι

371 2249 485 2276 Sueton.
506 2249 533 2275 in
544 2249 702 2278 Dominx.
1122 2259 1132 2274 9
1151 2251 1343 2278 ExTULERAT
1359 2254 1368 2282 ]
1401 2250 1441 2278 Ut
1458 2249 1563 2277 constat
1583 2258 1615 2276 ex
1638 2256 1760 2275 nummls

409 2290 422 2307 4
438 2282 559 2310 szesxs
583 2293 671 2313 JUSSA
683 2289 693 2317 ]
706 2285 861 2315 Philostrat.
874 2287 936 2314 Vir.
950 2286 1045 2320 Apoll.
1086 2285 1138 2313 hoc
1153 2295 1198 2313 aut
1213 2285 1346 2319 superiore
1360 2296 1434 2313 anno
1448 2285 1525 2312 cusls.

371 2317 436 2347 VI›
455 2327 498 2350 4²·
1124 2325 1148 2340 ¹⁰
1167 2321 1399 2348 NEGLEXERANT
1418 2324 1429 2352 ]
1456 2319 1570 2346 Sueton.
1594 2318 1624 2345 in
1646 2316 1760 2346 Domit.

409 2363 417 2379 ς
436 2352 571 2385 ΕΜιεεε]
586 2354 677 2381 Tacit.
693 2355 756 2382 Vir.
774 2356 868 2390 Agric.
883 2356 977 2384 XLII.
1088 2355 1172 2383 VIII.

369 2387 715 2459 7όξιΡοεὶϊεὶιῑηειῑεκτ]
739 2390 817 2422 Dio,
835 2391 967 2422 LXVII,
985 2399 1047 2426 pag.
1091 2390 1405 2454 ςαιςιῑοξοιῐὲξιὲῗῑκικτ
1423 2392 1433 2421 ]
1456 2388 1553 2418 Euseb.
1574 2388 1603 2416 in
1624 2387 1759 2417 Chronic,
