1952 2708
128 831 180 860 10

639 159 1162 204 GERMANIA.
1536 183 1596 222 47

213 249 317 292 Mox
347 256 467 285 nemo
499 241 692 284 tentavit:
733 240 979 294 sanctiusque
1013 255 1060 281 ac
1091 245 1335 288 reverentius
1362 247 1490 290 visum
1505 278 1519 302 ,
1548 251 1598 294 de

213 311 304 354 aistis
325 308 492 350 deorum
514 305 675 347 credere
688 334 702 356 ,
727 303 845 359 quam
870 304 984 345 scire.

273 370 473 415 XXXV.
507 371 791 412 HACTENUS
818 369 859 410 in
890 366 1163 409 Occidentem
1191 370 1451 413 Germaniam
1481 379 1599 418 novi-

210 451 312 478 mus.
335 436 384 476 In
413 435 754 490 Septemtrionem
783 432 937 487 ingenti
958 432 1067 472 flexu
1090 431 1203 473 redit.
1227 433 1289 473 Ac
1313 435 1443 489 primo
1471 439 1599 482 statim

213 501 471 541 Chaucorum
494 512 590 554 gens
619 503 630 520 ¹
647 526 661 548 ,
688 510 926 551 quamquam
948 497 1117 552 incipiat
1138 511 1160 537 a
1185 496 1315 538 Frifiis
1328 525 1341 546 ,
1367 514 1412 540 ac
1445 515 1600 556 partem

210 563 340 605 litoris
374 575 575 620 occupet,
607 562 816 612 omnium,
847 575 941 614 quas
972 560 1166 615 exposui,
1198 560 1379 615 gentium
1410 561 1601 608 lateribus

212 626 467 676 obtenditur,
497 625 628 666 donec
649 625 690 666 in
717 624 858 666 Cattos
879 623 1002 677 usque
1025 623 1210 664 sinuetur.
1233 624 1337 664 Tam
1361 626 1600 671 immensum

210 705 403 732 terrarum
425 689 594 745 spatium
618 703 700 729 non
724 701 865 730 tenent
882 689 1038 729 tantum
1061 687 1244 738 Chauci,
1272 687 1339 728 sed
1356 692 1397 729 &
1414 689 1601 746 implent:

210 752 383 811 populus
406 754 510 794 inter
535 754 758 794 Germanos
780 750 1040 793 nobiliffimus
1062 781 1072 802 ‚
1109 753 1255 806 quique
1282 753 1604 807 magnitudinem

212 818 322 859 suam
343 815 457 857 malit
486 813 631 869 justiti&
661 818 787 858 tueri:
828 816 908 856 sine
936 815 1184 871 cupiditate,
1212 815 1291 856 fine
1328 816 1569 872 impotentia
1587 847 1602 869 ,

212 881 337 936 quieti
358 880 606 934 secretique,
634 878 743 920 nulla
772 892 998 936 provocant
1024 877 1160 929 bella,
1186 877 1307 920 nullis
1333 879 1510 936 raptibus
1535 895 1604 922 aut

212 944 435 985 latrociniis
466 941 721 999 populantur.
753 943 880 997 quue
917 943 1163 999 praecipuum
1197 944 1356 984 virtutis
1383 959 1431 985 ac
1456 946 1603 985 virium

210 1020 493 1062 argumentum
516 1007 594 1056 est,
615 1007 749 1060 quod,
769 1020 814 1048 ut
836 1007 1056 1062 superiores
1081 1018 1223 1062 agant,
1248 1021 1329 1047 non
1350 1022 1419 1063 per
1440 1005 1604 1059 injurias

211 1071 491 1124 adsequuntur.
510 1071 699 1127 Prompta
719 1085 854 1111 tamen
871 1069 1057 1110 omnibus
1077 1085 1184 1110 arma
1207 1073 1220 1090 ²
1237 1099 1250 1120 ,
1279 1085 1326 1111 ac
1339 1101 1352 1121 ,
1380 1071 1407 1110 si
1430 1085 1490 1112 res
1512 1072 1603 1126 pos-

926 1177 1000 1206 Sunt
1014 1178 1076 1206 ver&
1089 1175 1117 1206 in
1131 1177 1325 1214 Septemtrione
1337 1178 1400 1216 visae
1409 1178 1486 1208 nobis
1494 1186 1603 1218 gentes

209 1179 363 1217 peratoris
389 1178 484 1209 fratre
508 1202 517 1216 ‚
556 1188 641 1217 patre
674 1178 855 1210 Germanici
876 1189 886 1216 ;

927 1216 1097 1245 Chaucorum
1111 1240 1119 1253 ‚
1135 1217 1179 1255 qui
1193 1217 1309 1254 majores
1325 1218 1486 1256 minorefiyue
1506 1218 1605 1255 appel-

211 1218 316 1249 Frisiis
352 1218 502 1248 tributum
527 1217 702 1257 imposuit,
738 1227 771 1248 ut
805 1218 886 1247 vidi-

211 1268 279 1288 mus
292 1258 377 1296 supra
391 1258 500 1287 Annal.
524 1259 564 1288 IV
577 1280 586 1292 ‚
599 1269 650 1295 72.
669 1257 790 1296 aliaque
803 1267 887 1295 egre-

211 1297 262 1336 gia
280 1297 312 1326 in
322 1296 488 1327 Germania
504 1296 648 1334 praestitit.
665 1298 751 1327 Plura
764 1296 837 1326 vide
853 1296 885 1325 in

211 1338 380 1366 stemmate
396 1335 568 1373 Caesarum,
581 1337 709 1367 Tom.1.
723 1346 793 1375 pag.
813 1339 885 1375 476.

210 1385 297 1406 num.
321 1386 372 1414 79.

252 1421 262 1434 ¹
296 1416 507 1446 Cnrucomm
542 1426 615 1445 orus
635 1416 649 1452 ]
692 1414 811 1446 Chauci
847 1414 886 1444 ab

209 1453 325 1484 Amifiit
337 1479 346 1491 ‚
366 1454 455 1483 l’Ems
469 1478 478 1491 ,
501 1455 540 1484 ad
554 1454 661 1485 Albim
676 1478 685 1491 ‚
712 1453 802 1483 l‘Elbe
815 1477 824 1490 ‚
848 1453 888 1483 li-

209 1494 273 1525 tori
293 1494 383 1524 maris
402 1494 672 1533 praetendebantur
695 1505 703 1523 τ
725 1493 808 1524 unde
823 1503 888 1523 om-

209 1533 299 1563 nium
318 1557 327 1571 ‚
354 1534 392 1564 de
414 1534 526 1573 quibus
556 1534 654 1564 modo
679 1533 794 1570 dictum
816 1533 857 1563 est
878 1556 886 1569 ,

210 1573 350 1612 gentium
362 1573 510 1604 lateribus
520 1573 775 1604 obtendebantur
790 1596 798 1609 ,
813 1582 887 1611 quas

209 1612 293 1642 inter
315 1613 349 1643 δε
372 1612 544 1643 Cheruscos
575 1613 774 1643 finuabantur
793 1613 887 1651 usque

209 1650 242 1681 in
258 1653 378 1683 Cattos.
398 1652 675 1692 Distinguebantur
696 1651 814 1682 Chauci
828 1662 889 1682 ma-

209 1691 293 1728 jores
322 1693 356 1724 ὃς
385 1692 533 1722 minores.
555 1693 690 1729 Maiores
711 1690 849 1727 Chauci,
868 1691 889 1721 si

209 1729 286 1761 fides
298 1731 480 1769 Ptolemaeo,
490 1731 776 1771 interVisurgim,le
790 1731 888 1769 neser,

210 1769 244 1800 δί
268 1770 399 1809 Albim;
420 1771 559 1802 minores
575 1795 584 1809 ‚
606 1771 687 1802 inter
706 1769 854 1801 Amisiam
879 1794 888 1807 ,

209 1807 299 1838 l’Ems
311 1833 320 1845 ‚
342 1811 376 1841 δί
397 1811 563 1850 Visurgim.
592 1812 632 1841 At
645 1822 683 1842 ex
695 1811 808 1841 Tacito
823 1812 888 1839 An-

211 1848 350 1892 nath,
369 1860 415 1886 19.
447 1850 565 1881 Chauci
587 1852 720 1888 majores
742 1850 889 1880 videntur

211 1890 317 1931 potius
331 1888 419 1920 fuisse
434 1889 516 1920 inter
526 1890 671 1920 Amifiam
681 1889 889 1929 &Visurgim.

212 1927 353 1958 Minores
366 1928 447 1959 inter
454 1929 605 1969 Visurgim
615 1930 648 1960 ὃ(
657 1930 773 1960 Albim.
783 1930 830 1960 Cl.
838 1929 890 1959 Al-

212 1966 298 2006 fing,
323 1967 391 1997 Not.
409 1967 542 1998 German.
556 1969 639 2006 Inser.
662 1980 730 2009 pag.
745 1980 796 2008 41.
825 1968 891 1999 exi-

211 2006 312 2036 stimat
341 2006 385 2036 ita
409 2009 582 2047 appellatos
602 2008 746 2040 Chaucos
771 2032 780 2045 ‚
815 2008 888 2048 quia

212 2046 328 2074 Kauken
341 2047 486 2077 dicuntur
501 2048 561 2077 viri
576 2048 637 2078 fide
654 2059 688 2079 ac
704 2049 820 2079 virtute
836 2048 887 2077 in-

212 2083 311 2124 signes
333 2096 340 2114 :
363 2086 449 2124 quod
475 2097 543 2116 cum
563 2087 666 2117 Taciti
687 2087 789 2118 verbis
807 2097 888 2117 con-

213 2123 316 2154 sentit.
328 2125 391 2154 Alii
403 2126 518 2155 volunt
534 2125 573 2155 fic
592 2135 786 2165 nuncupatos
803 2125 888 2156 fuiffe

212 2172 230 2193 a
247 2163 344 2200 Kauk,
363 2164 448 2194 ululzi
460 2188 470 2201 ,
495 2175 562 2202 quae
580 2164 655 2195 feles
669 2189 677 2201 ‚
699 2166 749 2195 seu
768 2173 866 2196 cattos
879 2189 887 2202 ‚

212 2211 364 2233 venatur:
379 2204 434 2234 alii
447 2214 464 2233 a
481 2205 587 2234 Kairen
599 2228 606 2241 ,
625 2204 792 2243 graeculis,
808 2215 889 2244 quo-

213 2251 282 2271 rum
304 2253 414 2282 magna
439 2243 478 2273 est
501 2243 532 2273 in
548 2243 594 2273 his
621 2245 682 2274 oris
707 2244 888 2274 multitudo.

214 2281 413 2313 Chaucorum
423 2306 431 2319 ‚
445 2282 498 2322 qui
512 2293 594 2313 mare
609 2284 789 2314 accolerent
800 2307 809 2318 ,
820 2283 890 2313 loca

214 2322 378 2360 moresque
416 2323 539 2361 egregie
565 2322 719 2362 descripsit
747 2322 863 2352 Plinius
880 2346 888 2357 ‚

216 2358 309 2404 XVJ,
333 2371 358 2391 1.
380 2364 450 2391 cum
470 2371 596 2400 gentes,
619 2373 685 2401 quae
697 2362 760 2392 fine
778 2363 889 2392 arbore

214 2398 296 2436 ulla,
310 2398 371 2431 fine
385 2400 495 2432 frutice
511 2402 655 2433 viverent
665 2426 675 2440 ,
691 2410 888 2433 memoraret.

927 1255 1030 1285 [antur.
1068 1255 1149 1294 Vasto
1172 1255 1210 1284 ihi
1230 1266 1338 1292 meatu,
1355 1256 1397 1286 bis
1416 1256 1518 1286 dierum
1537 1268 1605 1287 tioc-

927 1295 1043 1333 fiamque
1060 1294 1236 1334 singularum
1259 1295 1434 1333 intervallis,
1456 1296 1508 1336 effit
1523 1307 1554 1325 us
1575 1298 1604 1327 in

926 1334 1080 1372 immensum
1109 1334 1202 1372 agitur
1229 1333 1379 1372 Oceanus,
1397 1345 1527 1364 aerernarn
1543 1347 1605 1373 ope-

927 1374 1002 1402 riens
1015 1383 1101 1402 rerum
1118 1383 1226 1402 naruroe
1238 1374 1444 1414 controversiam
1455 1399 1464 1412 ‚
1478 1374 1603 1404 dubiam-

926 1423 975 1451 que
991 1412 1115 1452 terraefit
1126 1437 1135 1450 ,
1159 1423 1196 1441 an
1213 1413 1332 1450 partein
1347 1414 1443 1444 maris.
1466 1414 1531 1444 Illic
1548 1415 1606 1444 mi·-

918 1453 983 1491 sera
992 1463 1063 1492 gens
1078 1452 1194 1481 tinnulos
1211 1452 1313 1482 obtinet
1338 1453 1408 1483 altos·
1419 1476 1428 1489 ,
1451 1463 1500 1483 aut
1516 1454 1605 1484 tribu-

926 1492 1003 1521 nalia
1014 1491 1118 1532 struem
1141 1492 1268 1521 manibus
1292 1492 1328 1521 ad
1347 1492 1532 1529 experimenta
1558 1494 1607 1523 al·-

927 1532 1013 1571 riffimi
1030 1531 1108 1571 aestscs
1120 1555 1129 1568 ,
1151 1531 1220 1571 casis
1240 1532 1280 1561 ira
1292 1532 1420 1571 impffirir
1435 1546 1443 1560 :
1459 1534 1605 1572 navigan-

927 1572 1000 1600 tibus
1011 1571 1118 1611 similes
1141 1594 1150 1607 ‚
1177 1572 1236 1600 clim
1254 1572 1382 1611 integant
1398 1582 1474 1610 aqua>
1488 1573 1606 1601 circum-

927 1611 993 1640 dara
1011 1624 1019 1639 :
1034 1610 1181 1650 naufragis
1197 1613 1277 1647 vert),
1290 1614 1349 1640 crim
1362 1612 1511 1651 receſjerint
1529 1625 1537 1640 .·
1552 1613 1606 1649 fu-

924 1651 1078 1691 gientqfilue
1104 1661 1162 1679 cuni
1187 1651 1256 1679 mari
1281 1651 1366 1690 pisser
1396 1653 1471 1680 circa
1493 1653 1606 1691 tuguria.

928 1700 1075 1720 venantur.
1095 1690 1160 1719 Nun
1184 1689 1311 1726 pecudem
1339 1690 1381 1719 his
1405 1690 1522 1727 habere,
1550 1702 1605 1719 non

927 1730 996 1759 lac‘le
1008 1730 1068 1765 ali,
1092 1738 1121 1758 ut
1133 1728 1261 1767 finitimis
1274 1753 1283 1767 ‚
1301 1740 1335 1759 ne
1350 1730 1488 1767 cum-feris
1500 1730 1605 1768 quidem

928 1770 1060 1799 dimicare
1075 1769 1190 1809 contigit
1207 1793 1215 1805 ‚
1237 1770 1308 1799 omni
1331 1770 1425 1807 procul
1441 1770 1606 1806 abac‘lofru-

928 1810 990 1839 tice.
1011 1809 1083 1839 Ulvci
1107 1807 1137 1837 Cr
1156 1808 1268 1845 palustri
1289 1809 1372 1847 junco
1384 1809 1469 1846 funes
1495 1809 1606 1838 neflunt

929 1849 964 1878 ad
989 1847 1168 1886 praerex'enda
1194 1843 1310 1886 pifiihas
1331 1849 1401 1878 retia
1423 1862 1431 1876 f·
1449 1858 1607 1887 captumque

929 1889 1055 1918 manilius
1081 1887 1165 1916 lurum
1191 1887 1282 1917 ventis
1303 1890 1393 1928 magis
1416 1911 1425 1923 ‚
1458 1888 1606 1927 qiititnfhle

919 1929 1062 1968 siccantes
1078 1940 1088 1956 .·
1111 1927 1186 1956 terra*
1205 1927 1278 1956 cibos
1295 1927 1325 1957 ὓ
1342 1928 1462 1967 rigentia
1479 1928 1605 1964 Septem-

930 1969 1018 1998 trione
1030 1968 1132 2006 viscera
1140 1968 1194 2006 fita
1218 1976 1311 1997 urunt.
1337 1967 1423 1996 Porus
1436 1978 1489 1995 non
1507 1967 1559 2006 nifi
1569 1977 1605 1996 ex·

930 2008 1014 2037 imbre
1032 2009 1144 2046 ftrvato
1153 2006 1296 2046 scrobibus
1314 2006 1342 2035 ire
1358 2017 1390 2036 ve
1401 2006 1483 2036 iihulo
1501 2006 1605 2036 domfis.

927 2047 964 2076 Er
982 2047 1023 2076 lice
1037 2045 1190 2086 genre5,fi
1210 2046 1360 2075 vincantur
1398 2046 1456 2075 odie
1473 2056 1490 2074 a
1508 2046 1604 2083 populo

930 2087 1071 2120 Romano,
1092 2086 1243 2124 servirese
1267 2085 1371 2115 dicunt.
1395 2084 1440 2114 Ira
1462 2085 1497 2124 est
1513 2085 1602 2122 profe-

928 2126 966 2154 ῐὶι)
990 2138 998 2154 .·
1020 2124 1233 2160 multisfiirtuna
1245 2126 1337 2161 parcit
1351 2125 1378 2154 in
1394 2135 1511 2160 pernam.

965 2170 977 2184 ²
994 2167 1139 2195 Omnmus
1156 2169 1258 2198 murm]
1273 2166 1349 2195 Inde
1361 2165 1462 2202 postca
1475 2164 1570 2202 posita
1583 2176 1602 2195 a,

927 2204 1075 2235 Romanis
1091 2203 1277 2241 praefidia‚ad
1294 2204 1490 2234 cohibendos
1501 2204 1603 2234 Chau-

928 2255 980 2274 cos
989 2266 996 2277 ,
1005 2255 1083 2282 quos
1094 2245 1217 2281 Caycos
1229 2244 1309 2274 dixit
1322 2245 1475 2279 Lucanus,
1488 2245 1500 2272 I
1513 2267 1522 2280 ‚
1532 2248 1603 2280 453.

960 2289 992 2312 Er
1007 2297 1047 2312 vas
1062 2289 1194 2320 crinigeros
1214 2289 1283 2313 bellis·
1300 2297 1380 2314 arcere
1400 2290 1490 2322 Caycos

962 2321 1071 2354 Oppessti.

928 2365 1007 2395 Vide
1025 2366 1058 2395 ὅς
1075 2364 1284 2396 Claudianum
1297 2389 1306 2404 ‚
1325 2367 1363 2398 de
1381 2365 1520 2395 laudibus
1543 2362 1603 2394 Sti-

927 2404 1042 2435 liconis
1056 2429 1065 2443 ,
1088 2407 1124 2444 1,
1145 2416 1216 2443 225.
