1952 2708
411 173 490 210 188
591 165 808 207 NOTAE
860 163 944 205 ET
979 162 1576 206 EMENDATIONES

471 281 569 338 De
589 281 959 359 succeffionum
997 280 1196 356 legibus
1227 282 1370 356 apud
1398 280 1709 336 Germanos,

458 396 782 430 GERMANICARUM
805 392 1060 428 succeffionum
1080 392 1175 440 leges
1194 390 1302 427 habet
1326 392 1401 427 Lex
1418 391 1533 428 Salica
1546 419 1555 435 ‚
1571 390 1644 426 Tit.
1665 390 1779 427 LXII.

403 443 440 479 de
463 445 589 479 Alodis.
612 443 697 493 Leg.
723 456 753 480 1.
776 445 810 479 Si
829 446 897 491 quis
916 454 1055 476 mortuus
1073 442 1177 488 ficerit
1193 469 1202 484 ‚
1230 440 1373 487 &filios
1394 454 1454 475 non
1474 443 1649 488 dimiserit,
1666 442 1700 488 fi
1716 454 1782 486 pa«

402 504 450 528 ter
474 505 528 527 aut
548 505 648 529 mater
662 493 843 540 superstites
859 492 1009 538 fuerint,
1034 494 1065 525 irz
1088 491 1185 537 ipsam
1210 491 1410 526 hereditatem
1425 489 1605 536 succedant.

454 541 540 592 Leg.
565 556 600 579 2.
623 544 658 578 Si
676 555 770 589 pater
789 543 823 577 ξπ)
849 553 949 575 mater
980 553 1040 574 non
1064 541 1298 587 superfuerint,
1334 541 1370 576 &r
1388 540 1529 587 fratrem
1557 550 1614 574 aut
1639 540 1781 586 fhrorem

400 593 573 638 dimiserit,
603 596 635 627 in
658 593 859 627 hereditatem
882 589 939 636 ipfi
954 590 1134 636 succedant.

452 642 543 691 Leg.
567 654 599 690 3.
622 643 655 677 Si
674 642 725 688 isti
746 654 805 675 non
821 641 948 686 fuerim
963 665 972 681 ,
999 651 1071 674 tunc
1087 642 1179 686 fhror
1199 641 1310 674 matris
1331 642 1363 673 in
1384 639 1555 674 hereditate
1570 638 1729 685 succedat.

447 689 533 740 Leg.
556 704 591 739 4.
615 692 650 728 Si
671 694 744 726 νενὸ
761 692 853 737 fhror
875 691 986 723 matris
1009 702 1069 724 non
1085 689 1215 737 fuerit,
1235 688 1284 737 fic
1302 689 1395 736 fhror
1417 691 1521 735 patris
1549 691 1582 723 in
1610 687 1781 723 hereditate

387 740 547 785 succedat.

446 792 535 840 Leg.
560 801 592 839 ς.
615 791 659 825 Et
679 789 783 837 postea
801 789 851 837 fic
871 789 907 824 de
929 789 995 824 illis
1013 789 1287 837 generationibus,
1312 790 1495 836 quicumque
1512 791 1691 834 proximior
1705 787 1784 836 fue-

395 841 464 884 rit,
488 841 546 888 ipfi
565 844 597 875 in
618 840 788 876 hereditate
803 839 994 886 succedant,
1017 842 1070 888 qui
1094 852 1134 874 ex
1155 851 1267 886 genere
1281 849 1416 885 paterno
1435 840 1579 874 veniunt.

448 940 537 989 [eg.
565 941 599 976 6.
623 951 674 975 DE
701 951 829 976 TERRA
853 950 954 976 VERO
978 949 1109 974 SALICA
1142 949 1183 973 IN
1221 949 1425 974 MULIEREM
1463 948 1594 973 NULLA
1631 947 1781 973 PORTIO

394 999 660 1025 HEREDITAsz
680 1001 864 1032 TRANSIT,
885 1001 955 1024 SED
975 1000 1054 1023 HOC
1075 999 1212 1023 VIRILIS
1234 1000 1344 1023 SEXUS
1365 999 1551 1029 ACQUIRlT
1566 1015 1575 1029 ,
1590 999 1669 1022 HOC
1691 998 1782 1028 EST,

394 1050 553 1074 PHAIIN
580 1051 660 1075 ussA
688 1049 1318 1075 HEREDFTATESUCCEDUNT.SED
1351 1048 1566 1073 UBIINTER
1606 1047 1781 1071 NEPOTES

392 1098 1327 1131 AU1'PRONEPOTES‚POST.LONGUM¹TEMPUS‚DE
1351 1098 1482 1122 ALODE
1509 1098 1661 1121 TERRAE
1684 1096 1780 1121 CON-

393 1148 543 1172 TENTIO
572 1149 834 1180 SUSCITATUR,
861 1148 942 1174 NON
978 1148 1052 1173 PER
1090 1147 1238 1172 STIRPES
1257 1162 1268 1180 2
1295 1148 1362 1172 SED
1399 1147 1472 1172 PER
1506 1146 1647 1172 cAPlTA
1673 1146 1780 1171 DIVI-

390 1198 570 1224 DANTUR.

445 1285 499 1321 Ex
521 1286 575 1322 his
598 1287 736 1336 legibus
751 1313 760 1329 ,
788 1286 884 1323 :sexta
906 1287 1123 1335 potiffirndm
1149 1286 1293 1336 insignis
1317 1285 1376 1322 est.
1409 1286 1503 1331 Quae
1527 1294 1567 1320 ut
1595 1284 1779 1334 intelligaa

390 1344 468 1379 tur,
493 1336 749 1373 advertendum
772 1336 808 1371 in
831 1337 899 1372 hac
920 1348 1121 1385 temporum
1143 1337 1354 1386 antiquitate
1373 1334 1594 1376 Germanos,
1623 1334 1674 1370 uti
1710 1334 1781 1370 oba

389 1384 506 1421 fervat
538 1386 695 1422 eruditus
730 1386 931 1430 Eccardus,
958 1386 1115 1422 habuisse
1149 1385 1316 1426 domurn,
1344 1397 1449 1434 quam
1478 1384 1660 1420 vocabant
1682 1385 1741 1419 Sal
1762 1397 1778 1426 ,-

390 1434 486 1470 circa
508 1434 655 1471 domum
676 1435 775 1471 fuisse
799 1436 934 1474 Salbuck
948 1463 957 1479 ,
983 1435 1043 1472 seu
1064 1435 1191 1472 curtim
1206 1467 1213 1478 ,
1242 1435 1384 1472 Gallice
1412 1436 1547 1477 cointii,
1576 1433 1776 1481 spatiumve

389 1493 510 1527 terrae,
539 1485 664 1520 domui
683 1485 964 1529 circumdatum,
997 1489 1029 1521 ἅ
1054 1486 1134 1533 sepe
1171 1485 1332 1521 cinstum.
1369 1483 1529 1531 Spatium
1559 1482 1648 1517 illud
1693 1496 1776 1518 cum

389 1532 502 1569 domo
527 1534 574 1569 est
598 1536 763 1577 Seliland,
789 1534 848 1570 seu
869 1546 960 1571 terra
979 1534 1087 1570 salica
1108 1563 1118 1578 ,
1144 1547 1223 1583 quce
1248 1534 1293 1570 ad
1317 1533 1416 1570 solos
1440 1533 1533 1568 filios
1555 1532 1777 1579 pertinebat:

388 1595 456 1618 nec
478 1583 680 1627 immeritb3
710 1583 793 1620 esim
814 1584 898 1620 filine
919 1585 958 1620 in
979 1584 1084 1621 aliam
1112 1584 1260 1620 domum
1289 1595 1487 1632 terramque
1510 1582 1652 1618 salicam
1679 1595 1775 1632 nup-

387 1631 446 1667 tiis
469 1633 662 1671 transirent.
1021 1640 1024 1642 ’

441 1681 510 1717 His
532 1683 774 1731 praemonitis‚
799 1684 889 1719 nihil
915 1693 1034 1720 manet
1058 1683 1284 1720 difficultatis.
1312 1683 1443 1731 Legem
1475 1681 1626 1717 salicam
1656 1681 1774 1718 firmat

388 1733 528 1767 tantiim
550 1736 583 1768 ὃς
605 1733 760 1782 explicat
784 1733 855 1769 Lex
875 1733 1151 1782 Ripnariorum,
1175 1733 1250 1769 Tit.
1274 1732 1368 1768 LVI.
1391 1734 1427 1767 de
1448 1732 1612 1766 Alodibus.

439 1782 528 1831 Leg.
558 1795 588 1819 1.
612 1785 646 1818 Si
668 1787 736 1832 quis
760 1784 870 1831 absque
893 1785 997 1819 liberis
1017 1784 1179 1830 defunblus
1203 1782 1381 1830 fuerit,fi
1409 1793 1503 1827 pater
1530 1791 1689 1828 materque
1707 1779 1771 1826 su-

382 1831 529 1879 perstites
545 1834 672 1880 fuerint
687 1861 697 1877 ‚
724 1836 757 1868 in
777 1833 980 1868 hereditatem
995 1833 1176 1879 succedant.
1550 1839 1559 1844 ‘

442 1880 528 1930 Leg.
553 1895 588 1918 2.
609 1884 644 1918 Si
663 1895 756 1929 puter
779 1894 937 1930 materque
958 1896 1019 1917 mn
1035 1883 1183 1930 fuerint,
1200 1882 1309 1928 frater
1333 1881 1369 1916 θ’
1384 1882 1477 1927 fiiror
1489 1880 1672 1927 ficc'cedant.

440 1931 529 1979 Leg.
558 1945 588 1979 3.
610 1933 644 1968 Si
665 1945 769 1968 autem
792 1945 845 1966 nec
869 1946 916 1967 eos
942 1933 1107 1974 habuerit,
1135 1944 1208 1967 tunc
1224 1932 1317 1978 soror
1342 1932 1454 1964 matris
1474 1929 1634 1975 patrisque
1660 1927 1772 1975 flacce-5

388 1979 474 2015 dam.
500 1982 543 2016 Et
565 1983 704 2028 deinceps
729 1982 821 2030 usque
841 1982 881 2017 ad
904 1984 1047 2030 quintum
1065 1983 1255 2028 genuculum
1279 1984 1293 2026 (
1319 1979 1355 2014 id
1388 1979 1435 2015 est
1455 1978 1499 2014 ad
1523 1978 1683 2027 quintam
1707 1989 1771 2026 ge-

388 2030 610 2067 nerationem
637 2036 671 2077 ),
699 2036 750 2080 qui
766 2034 933 2077 proximus
954 2033 1082 2079 fuerit,
1113 2034 1145 2066 in
1167 2030 1369 2066 hereditatem
1385 2029 1542 2076 succedat.
1582 2028 1656 2064 SED
1688 2037 1769 2062 CUM

387 2089 524 2114 vimus
553 2093 663 2117 sexus
692 2092 915 2117 EXSTITERIT
933 2108 944 2125 ,
980 2092 1126 2117 ῈΕΜῙΝΑ
1157 2093 1197 2117 IN
1233 2090 1520 2116 HEREDITATEM
1549 2087 1768 2114 AVlATICAM

386 2138 469 2164 NON
490 2142 703 2166 sUccrzDA‘r.

443 2175 632 2215 Hereditas
657 2180 718 2215 illa
738 2179 892 2215 aviatica
908 2210 915 2221 ,
942 2179 1019 2214 aliis
1040 2190 1209 2227 paterna,
1234 2179 1312 2214 aliis
1343 2178 1525 2219 alodinm,
1564 2175 1642 2211 aliis
1675 2183 1770 2210 terra

387 2225 494 2261 salica
516 2227 605 2264 dina
630 2229 753 2266 eadem
777 2232 809 2265 ὃ(
836 2241 908 2264 una
939 2242 991 2265 res
1015 2228 1082 2271 est,
1118 2242 1196 2278 quae
1217 2229 1262 2264 ad
1291 2227 1430 2264 virilem
1453 2227 1594 2267 sexum,
1623 2237 1698 2260 non
1720 2223 1767 2258 ad.

384 2275 593 2312 muliebrem
611 2278 821 2326 pertinebat.
844 2278 1018 2314 Plurimos
1035 2278 1153 2314 adhuc
1168 2280 1430 2314 Germanorum
1447 2275 1526 2311 usus
1543 2274 1673 2313 edocet
1690 2273 1766 2309 Lex

385 2323 603 2374 Angliorum
623 2331 656 2364 ὃς
679 2328 905 2365 Werinorum
918 2358 926 2371 ,
954 2328 1029 2365 Tit.
1042 2328 1077 2364 6.
1098 2328 1135 2363 de
1158 2328 1324 2365 Alodibus.
