1952 2708
356 146 440 185 208
583 135 796 178 NOTAE
832 133 917 175 ET
956 131 1548 175 EMENDATIONES

358 232 380 255 a
396 214 597 267 publicanis
622 212 794 251 aestimato
813 239 824 257 ‚
851 210 1111 250 vendebantur.
1142 211 1253 250 Unde
1279 212 1322 248 iis
1344 224 1483 250 nomen
1509 238 1520 256 ,
1549 211 1756 259 frumentum

361 269 563 305 allimatum.

415 367 523 404 CAP.
547 367 626 403 XX.
657 367 823 402 MULTUS
846 374 888 399 m
911 373 1062 398 AGMINE
1081 365 1099 408 ]
1141 361 1197 397 Ita
1222 361 1289 400 ΜΓ.
1305 363 1425 400 Vatic.
1444 374 1559 412 3429.
1579 363 1639 400 Sic
1659 376 1754 413 quo-

360 431 432 469 que
454 419 659 465 conjecerat
671 415 726 450 CI.
743 414 786 450 de
801 413 835 448 la
851 412 1018 449 Bleterie.
1046 411 1088 447 In
1103 411 1281 448 veteribus
1307 412 1530 448 editionibus
1542 441 1552 456 ,
1570 415 1707 448 multum
1718 417 1754 449 in

362 471 503 515 agmine.
520 467 729 507 Rhenanus,
746 477 852 514 quem
865 462 1097 499 Recentiores
1125 461 1206 497 sunt
1225 461 1335 498 secuti
1354 489 1363 504 ‚
1398 464 1539 496 militum
1560 465 1592 497 in
1614 466 1756 509 agmine.

362 515 491 554 Multus
513 516 561 553 est
578 517 674 553 certe
699 518 732 551 &
757 513 957 563 elegantior
973 541 982 556 ‚
1011 515 1044 548 ὃς
1064 511 1151 547 huic
1176 511 1263 548 loco
1287 511 1418 560 aptior.
1434 511 1493 547 Sic
1507 511 1611 560 supra
1621 512 1756 548 Annal.

363 569 479 611 XIV,
505 567 557 614 56
581 595 591 610 ‚
626 580 715 602 rarus
738 578 795 611 per
820 566 945 600 Urbem.
972 562 1018 598 Et
1044 561 1135 597 infra
1158 562 1233 599 Vit.
1252 562 1337 612 Agr.
1362 560 1537 596 XXXVII
1564 589 1573 604 ‚
1604 563 1755 610 frequens

363 619 478 667 uquue
489 619 654 667 Agricola.
672 616 724 651 Ex
735 614 904 662 corrupta
921 612 1096 661 scriptura
1113 622 1232 648 ortum
1253 624 1410 649 errorem
1429 610 1652 648 crediderim.
1671 613 1757 649 Vox

365 667 463 707 enim
482 680 553 704 una
575 665 741 704 excidiffe
767 664 908 700 videtur
926 676 937 705 3
969 675 1011 698 ac
1035 661 1229 713 legendum
1249 672 1340 712 puto
1362 675 1371 698 :
1400 663 1519 697 multus
1544 664 1579 698 in
1601 665 1727 710 agmine
1741 688 1755 708 ‚

366 720 507 755 militum
537 718 669 753 laudare
699 715 892 762 modestiam.

419 768 703 804 INRITAMENTA
734 777 836 801 PACIS
861 770 877 811 ]
912 763 1046 812 Lipfius
1066 766 1100 800 ὃς
1123 763 1309 800 Acidalius
1328 762 1477 800 mallent
1492 790 1503 807 ‚
1530 763 1755 801 invitamenta.

367 818 486 855 Nobis
505 830 650 867 quoque
670 816 846 865 placeret,
872 814 895 849 fi
919 814 1079 850 faverent
1096 813 1192 852 libri.

422 869 568 905 TANTA
591 869 795 911 RATioNE]
828 865 893 900 Ms.
911 864 1030 902 Vatic.
1050 876 1147 912 3429
1165 894 1173 906 ‚
1201 864 1238 899 ἐπ’
1265 863 1358 898 zanni
1374 866 1507 899 ratione.

423 921 540 955 NOVA
570 919 686 963 PARS]
714 916 769 952 Ita
790 915 873 950 libri
891 927 1026 951 omnes.
1052 914 1179 950 Mallet
1192 914 1403 949 Gronovius
1418 942 1428 957 ‚
1448 926 1523 948 nota
1534 926 1609 959 pars
1636 929 1650 948 .·
1676 927 1759 952 eum

365 970 446 1007 sunt
476 967 586 1004 secuti
617 966 833 1003 recentiores
855 965 1064 1013 interpretes
1086 963 1371 1011 Galli&Angli.
1397 963 1561 1000 Ernestus
1588 964 1718 1000 retinet
1746 990 1758 1008 ‚

367 1033 453 1055 nova
467 1033 561 1065 par-53
580 1017 640 1053 sed
654 1029 740 1052 mox
760 1015 925 1052 excidiffe
950 1025 1053 1062 putat
1069 1015 1119 1062 fic
1140 1014 1198 1050 vel
1213 1019 1272 1049 ita.
1293 1012 1397 1048 Nihil
1420 1013 1574 1050 omnino
1598 1014 1760 1050 mutabat

370 1068 500 1105 Illustr.
523 1067 678 1104 Huetius
693 1094 703 1110 ‚
718 1069 751 1104 ὅς
774 1079 890 1102 novam
898 1077 1025 1112 partem
1045 1064 1267 1114 explicabat,
1283 1064 1437 1099 Romanis
1451 1067 1548 1099 armis
1564 1066 1759 1114 inacceffizm.

418 1169 525 1206 CAP.
554 1168 650 1204 XXI.
678 1167 808 1204 BELLo
838 1168 1024 1212 FACtLEs]
1055 1165 1115 1201 Sic
1132 1164 1322 1201 Rhenanus
1346 1176 1387 1200 ac
1405 1163 1535 1200 deinde
1548 1163 1656 1200 ceteri
1673 1176 1761 1199 om·
1780 1158 1782 1160 ¹

365 1231 439 1256 nes.
467 1219 542 1255 Mss.
567 1218 686 1256 Vatic.
713 1221 746 1253 &
771 1217 949 1254 editiones
979 1227 1136 1258 veteres,
1162 1219 1194 1250 in
1221 1216 1302 1250 bello
1317 1230 1329 1248 .·
1345 1213 1445 1264 quod
1476 1213 1570 1249 forte
1603 1226 1679 1249 non
1710 1214 1761 1250 ita

367 1269 619 1318 spernendum.
642 1268 766 1305 Tellus
782 1268 877 1303 enim
898 1279 918 1302 a
941 1265 1061 1302 Plinio
1076 1264 1255 1308 XXXIII,
1281 1278 1378 1300 num.
1402 1277 1433 1299 1.
1453 1263 1618 1299 laudatur
1633 1264 1761 1299 minime*

361 1333 485 1366 parca,
502 1320 671 1367 facilisque
694 1322 727 1353 in
752 1318 893 1352 omnibus
921 1329 1119 1364 quaecumque
1138 1316 1281 1362 prosunt.
1312 1315 1506 1350 Rhenanus
1534 1325 1652 1349 tamen
1679 1313 1762 1348 alii-

367 1382 438 1419 que
463 1379 603 1406 tentant
626 1371 659 1403 in
682 1369 798 1404 bellum
816 1366 876 1404 vel
899 1369 932 1402 in
958 1367 1042 1402 bella
1054 1367 1203 1414 fczcilc55
1226 1364 1328 1416 quod
1345 1365 1526 1414 eleganter
1544 1376 1690 1414 quoque
1709 1363 1763 1399 di-

371 1430 520 1456 teretur.

425 1472 682 1506 ABNUEBANT.
699 1497 707 1505 .
723 1496 731 1504 .
760 1474 1102 1506 CONCUPISCERENT
1123 1471 1140 1514 ]
1169 1467 1276 1503 Reffe
1297 1466 1451 1516 quidem.
1477 1465 1556 1501 Nec
1579 1465 1659 1500 satis
1678 1464 1763 1512 apte

370 1519 428 1555 Cl.
446 1519 609 1556 Ernestus
626 1520 720 1556 hane
735 1519 972 1556 diversitatem
987 1518 1024 1554 in
1037 1517 1154 1554 modis
1170 1517 1365 1554 verborum
1380 1516 1498 1564 arguit
1514 1542 1523 1559 ‚
1540 1518 1573 1551 ὃς
1587 1525 1763 1551 mutatum

369 1569 499 1613 vellet,
518 1581 577 1606 aut
591 1571 771 1606 abnuerent.
785 1598 793 1606 .
812 1597 820 1605 .
838 1580 898 1605 aut
913 1570 1175 1615 concupiscebant.
1192 1567 1365 1617 Agricola
1383 1565 1589 1614 principum
1612 1564 1706 1601 filios
1724 1563 1765 1600 li-

370 1620 552 1657 beralibus
569 1620 703 1656 artibus
726 1619 926 1657 erudiendo
938 1647 946 1662 ‚
963 1618 1108 1668 ingenia
1122 1618 1377 1654 Britannorum
1392 1615 1605 1652 ostentando
1619 1643 1629 1658 ‚
1651 1627 1765 1664 eaque

370 1670 494 1706 studiis
514 1670 702 1706 Gallorum
722 1670 872 1706 meliora
894 1668 1128 1718 praedicando
1148 1696 1158 1712 ,
1188 1667 1307 1704 effecit
1321 1677 1362 1703 ut
1377 1665 1563 1709 Britanni,
1577 1664 1638 1714 qui
1651 1664 1762 1700 modo

370 1720 534 1769 linguam
558 1720 758 1757 Romanam
797 1719 1002 1756 abnuebant
1028 1746 1038 1762 ‚
1073 1718 1318 1768 eloquentiam
1347 1715 1656 1765 concupiscerent.
1688 1714 1762 1750 Po-

371 1769 489 1807 tuiffet
513 1770 658 1820 quidem
674 1770 821 1806 Tacitus
846 1782 992 1820 quoque
1020 1768 1139 1805 dicere
1165 1770 1347 1804 abnuerent.
1363 1765 1547 1802 Abstinuit
1571 1775 1689 1802 autem
1717 1776 1764 1801 ne

373 1820 506 1869 pariter
537 1820 733 1857 definetent
756 1819 875 1857 verba.
901 1819 942 1854 ld
967 1819 1064 1856 enim
1089 1819 1137 1854 est
1162 1817 1337 1854 orationis
1355 1817 1495 1853 vitium.

420 1870 733 1914 PAULLATIMQUE
762 1881 965 1907 DisCESsUM
991 1873 1009 1916 ]
1040 1868 1167 1905 Mallet
1195 1867 1378 1911 Pichena,
1407 1867 1590 1914 descerzficm.

430 1973 539 2009 CAP.
568 1972 684 2009 XXII.
715 1973 866 2010 Avmus
889 1984 1127 2009 INTERCEPIT
1144 1975 1162 2017 ]
1182 1971 1307 2007 Avidus
1326 1970 1507 2020 eleganter
1526 1967 1666 2004 dicitur.
1685 1966 1765 2004 Nec

375 2021 580 2058 addendum
596 2051 604 2067 ‚
630 2026 742 2072 gloriae
756 2052 765 2067 ,
791 2035 851 2059 aut
871 2022 1110 2060 omittendum
1126 2049 1134 2065 ,
1163 2022 1303 2064 avidum
1330 2031 1370 2056 ut
1388 2020 1465 2055 vult
1487 2018 1544 2054 Cl.
1564 2015 1739 2054 Ernestus.

423 2072 486 2107 AD
515 2073 637 2109 TAUM
662 2079 679 2121 ]
711 2074 787 2110 Mff.
807 2073 926 2112 Vatic.
964 2073 1005 2109 ad
1030 2073 1184 2108 Tanaum.
1209 2070 1279 2108 Sed
1306 2069 1344 2106 in
1368 2069 1528 2119 margine
1555 2067 1622 2104 Ms.
1644 2066 1763 2105 Vatic.

378 2132 480 2170 3429
499 2153 507 2165 ‚
535 2124 645 2159 Taum.

432 2171 494 2207 UT
524 2185 628 2208 ERAT
656 2185 764 2209 BONIS
788 2177 806 2218 ]
834 2174 889 2209 Ita
924 2173 989 2208 Ms.
1022 2172 1141 2210 Vatic.
1178 2183 1277 2220 3429
1295 2199 1306 2216 ,
1344 2173 1378 2207 &
1406 2168 1583 2207 editiones
1616 2176 1764 2204 veteres,

377 2221 460 2255 Erat
484 2234 668 2270 perperam
693 2236 713 2259 a
738 2222 1015 2259 Recentioribus
1041 2221 1215 2259 omissum.

431 2271 642 2308 SECRETUM
671 2285 720 2308 ET
742 2277 980 2319 SILENTIUM]
1000 2273 1066 2311 Ms.
1080 2271 1200 2310 Vatic.
1220 2281 1322 2317 3429
1338 2295 1348 2312 ‚
1365 2269 1519 2316 secretum
1538 2278 1572 2302 ut
1586 2265 1766 2314 filentiurm

429 2367 536 2407 CAP.
567 2369 701 2408 XXIII.
730 2372 1063 2418 PERCURRERAT]
1110 2371 1166 2408 Ita
1211 2370 1406 2407 Rhenanus
1447 2372 1480 2406 ὃς
1520 2366 1764 2404 Recentiores.

1524 2438 1767 2483 Puteolanus
