1952 2708
573 175 1133 220 AGRICOLA.
1497 188 1556 236 87

167 275 260 307 nam
283 255 453 300 insulam
467 284 480 307 ‚
505 252 618 308 cujus
643 254 875 311 poffeffione
903 269 1139 298 revocatum
1167 259 1394 304 Paullinum
1423 263 1556 307 rebel-

167 327 278 367 lione
307 322 432 363 totius
459 320 673 361 Britanniae
701 317 817 375 supra
847 320 1094 359 memoravi¹
1112 349 1126 370 ,
1151 322 1332 376 redigere
1361 329 1401 367 in
1420 329 1554 384 potes.

167 401 292 430 tatem
314 387 450 427 animo
466 382 653 424 intendit.
678 383 780 433 Sed,
808 395 853 423 ut
878 383 920 422 in
942 381 1072 424 dubiis
1094 383 1268 425 consiliis
1287 389 1300 405 ²
1315 415 1329 436 ,
1351 404 1469 431 naves
1491 393 1555 434 de.

169 463 282 492 erant
298 467 306 490 :
323 450 425 491 ratio
445 452 486 490 ὅ(
509 448 730 488 constantia
757 446 870 487 ducis
885 447 1117 487 transvexit.
1143 447 1346 503 Depositis
1369 454 1554 496 omnibus

116 523 140 565 5
169 515 332 556 sarcinis
346 543 360 565 ,
380 511 604 554 lenstiffimos
627 509 879 552 auxiliarium
894 540 906 561 ‚
931 509 1074 565 quibus
1093 524 1188 552 nota
1201 511 1322 561 vada,
1349 518 1388 554 &r
1406 518 1555 571 patrius

168 577 292 620 nandi
307 577 424 628 usus,
445 591 524 631 quo
546 573 660 614 fimul
680 574 824 629 seque,
851 578 891 615 ὃς
907 589 1039 625 arma,
1060 578 1100 616 δε
1128 589 1252 630 equos
1273 590 1419 631 regunt
1436 584 1445 607 ³
1464 609 1476 629 ‚
1500 581 1557 622 ita

167 641 334 699 repente
354 640 515 681 immifit
526 668 540 690 ,
559 651 605 679 ut
626 637 884 694 obstupefaffl
910 639 1040 680 hostes
1056 668 1068 689 ‚
1090 640 1158 693 qui
1183 637 1342 680 classem
1356 645 1388 691 4,
1402 643 1467 695 qui
1485 658 1557 684 na-

142 732 146 735 -
170 720 241 747 ves
256 735 270 756 ,
293 705 362 759 qui
389 718 496 745 mare
512 700 816 759 exspeEtabant,
836 700 938 742 nihil
955 703 1120 743 arduum
1138 716 1204 744 aut
1221 704 1412 744 invicium
1431 706 1557 746 credi-

170 769 303 810 derint
317 768 370 810 fic
386 768 435 810 ad
447 765 600 809 bellum
616 765 883 807 venientibus.
898 766 960 807 Ita
975 763 1099 822 petita
1115 781 1213 823 pace
1229 797 1242 818 ,
1264 782 1311 808 ac
1335 766 1469 808 dedita
1494 769 1559 808 in-

91 846 142 876 10
171 830 256 873 sula
275 861 288 884 ,
318 830 449 874 clarus
475 846 524 873 ac
551 845 719 886 magnus
742 829 880 870 haberi
902 829 1097 885 Agricola
1119 847 1126 870 :
1153 832 1300 888 quippe
1325 833 1391 872 cui
1423 833 1558 886 ingre-

168 897 295 938 dienti
310 894 691 952 provincia1n‚quod
706 908 863 950 tempus
880 892 947 935 alii
962 908 1030 951 per
1048 895 1372 945 ostentationem,
1383 908 1450 936 aut
1465 895 1557 936 offi-

170 961 327 1002 ciorum
343 958 805 1013 ambit111114traiifigunt,
816 956 1211 1013 labor&periculum
1226 957 1445 1014 placuisset.
1464 961 1559 1000 Nec

166 1021 659 1079 Agricola,prosperitate
672 1037 804 1063 rerum
817 1023 858 1062 in
880 1022 1100 1062 vanitatem
1115 1021 1206 1063 usus
1221 1051 1233 1072 ,
1253 1023 1556 1078 expeditionem

169 1100 237 1128 aut
251 1087 457 1128 vi&oriam
474 1085 662 1135 vocabat,
677 1087 802 1127 vicios
821 1085 1059 1126 continuisse
1075 1084 1114 1125 6:
1133 1100 1182 1126 ne
1198 1084 1383 1127 laureatis
1394 1086 1556 1141 quidem

90 1163 106 1190 1
118 1163 140 1204 5
169 1151 275 1205 gesta
294 1150 528 1207 prosecutus
543 1151 595 1190 est
612 1167 618 1189 :
637 1149 705 1190 sed
724 1148 807 1204 ipsii
823 1147 1130 1189 dissimulatione
1145 1149 1256 1188 famae
1271 1149 1416 1190 famam
1428 1151 1556 1201 auxit,

170 1213 449 1255 aestimantibus
467 1211 613 1267 quanta
627 1212 751 1252 futuri
771 1212 837 1267 spe
853 1225 934 1252 tam
952 1226 1096 1266 magna
1109 1213 1303 1253 tacuisset.

233 1277 363 1318 XIX.
400 1276 563 1316 CETER
578 1288 646 1315 UM
662 1276 888 1316 animorum
907 1276 1124 1330 provinciae
1142 1275 1314 1330 prudens
1329 1305 1341 1326 ,
1364 1274 1558 1330 simulque

169 1341 308 1381 dofftus
324 1355 393 1396 per
409 1339 538 1380 aliena
554 1339 828 1395 experimenta
842 1368 855 1389 ,
882 1353 1020 1394 parum
1038 1338 1178 1394 profici
1200 1340 1318 1379 armis
1333 1369 1344 1388 ‚
1361 1339 1386 1377 fi
1405 1337 1558 1390 injurie

168 1403 428 1458 sequerentur
442 1433 455 1454 ,
472 1403 606 1444 causas
632 1400 835 1443 bellorum
864 1402 996 1442 statuit
1019 1401 1265 1442 exscindere.
1281 1403 1318 1442 A
1338 1403 1378 1442 se
1401 1402 1557 1455 suisque

169 1467 305 1518 orsus,
332 1468 500 1523 primam
522 1467 690 1508 domum
719 1466 828 1507 suam
856 1466 1062 1512 coercuit3
1093 1465 1202 1519 quod
1229 1465 1427 1521 plerisque
1452 1464 1560 1506 haud

168 1532 298 1572 minus
319 1530 486 1571 arduum
508 1531 562 1570 est
575 1560 587 1580 ‚
612 1528 729 1584 quam
757 1530 1010 1585 provinciam
1035 1543 1186 1583 regere.
1208 1528 1328 1569 Nihil
1348 1543 1417 1585 per
1436 1527 1560 1569 liber-

169 1607 232 1635 tos
255 1593 465 1649 servosque
481 1592 651 1650 publica:
667 1594 724 1634 rei
742 1597 756 1619 ⁷
775 1610 782 1632 :
800 1608 884 1633 non
900 1592 1033 1632 studiis
1054 1593 1217 1648 privatis
1235 1621 1247 1642 ,
1276 1607 1352 1632 nec
1378 1606 1427 1632 ex
1445 1607 1559 1632 com-

167 1657 427 1699 mendatione
444 1687 458 1709 ,
480 1670 547 1698 aut
575 1655 761 1714 precibus
779 1657 1063 1698 centurionum
1083 1655 1231 1696 milites
1249 1655 1400 1696 adscire
1418 1654 1432 1677 ⁸
1449 1685 1462 1706 ,
1493 1654 1561 1696 sed

87 1481 142 1510 20

210 1785 219 1799 ¹
243 1781 347 1810 SUPRA
368 1781 572 1817 MEMonfxvl]
597 1781 672 1817 Cap.
691 1789 737 1817 14.

210 1821 222 1835 ²
253 1820 287 1849 In
316 1829 420 1849 nunus
442 1820 618 1855 consitus]
636 1820 771 1850 Deerant
787 1829 845 1849 na-

171 1867 246 1895 ves,
263 1866 298 1888 ut
316 1859 349 1888 in
362 1858 515 1888 subitariis
535 1858 696 1897 dubiisque
709 1858 846 1889 consiliis

170 1897 329 1937 contingit
340 1909 350 1936 ;
363 1898 413 1928 sed
422 1898 502 1929 ratio
524 1899 559 1930 ὃς
579 1898 751 1929 constantia
760 1898 844 1929 ducis

170 1936 307 1967 militem
320 1937 501 1968 transvexit.

214 1981 223 2002 3
247 1977 292 2005 Er
314 1988 411 2012 nouos
427 1987 551 2007 REGUNT
567 1977 582 2013 ]
616 1977 705 2007 Unde
720 1976 846 2007 videtur

172 2014 347 2046 leeriffimos
360 2016 432 2047 illos
447 2016 645 2047 auxiliarium
660 2016 746 2046 fuisse
759 2018 847 2046 Bata-

170 2064 256 2093 vos;
288 2065 423 2094 quorum
443 2055 513 2086 talis
532 2055 643 2094 peritia
660 2055 782 2086 laudata
807 2055 847 2086 est

173 2094 261 2133 supra
281 2094 356 2124 Hist.
371 2096 412 2125 IV
425 2117 434 2131 ‚
456 2105 502 2124 12.

212 2139 227 2158 4
249 2136 313 2171 Qm
341 2136 502 2171 crassam]
535 2134 599 2171 Qui
616 2135 745 2164 Monam
769 2133 848 2163 insu-

173 2173 235 2204 lam
249 2173 450 2209 habitabant,
467 2173 677 2211 opinabantur
687 2175 848 2203 Romanos

171 2213 284 2245 class'e,
309 2212 442 2243 navibus
463 2236 472 2249 ,
499 2212 636 2242 secundo
664 2211 756 2243 maris
780 2212 849 2242 aestu

173 2252 280 2284 usuros
295 2263 304 2290 ;
324 2252 450 2292 haecque
474 2250 496 2281 fi
513 2251 702 2289 deficerent,
719 2251 848 2282 minime

173 2300 336 2323 venturos.

218 2336 225 2357 5
259 2334 463 2362 Ormeroxum
498 2341 644 2361 ΑΜειτυΜ
663 2332 677 2367 ]
725 2331 849 2370 Legatis

176 2369 263 2399 enim
288 2371 484 2414 provinciam
522 2369 768 2409 ingredientibus
797 2381 851 2410 pu-

886 1779 1009 1810 bantur.
1027 1778 1107 1809 Vide
1128 1778 1243 1817 Digest.
1264 1777 1334 1808 libr.
1349 1779 1372 1808 1.
1388 1777 1452 1808 Tit.
1471 1781 1515 1807 16.
1529 1776 1563 1807 de

889 1817 986 1857 Officio
1001 1817 1166 1857 protom-liciis
1178 1817 1208 1847 ἰν
1218 1817 1312 1858 legari.
1326 1819 1402 1857 Leg.
1414 1829 1443 1854 4.
1454 1821 1471 1847 6
1485 1819 1519 1847 ὅ(
1531 1827 1560 1856 7.

925 1859 939 1878 ⁶
955 1861 1074 1889 eros
1097 1858 1322 1893 CONTINUISSE]
1345 1858 1448 1888 victos
1462 1858 1564 1887 aSue-

886 1897 978 1928 tonio
994 1897 1136 1928 Paullino
1151 1896 1337 1928 continuisse
1352 1920 1361 1933 ‚
1387 1896 1562 1935 expeditio-

886 1947 958 1968 nem
985 1946 1037 1967 aut
1057 1937 1221 1967 vicioriam
1241 1947 1308 1966 non
1335 1937 1470 1966 vocabat
1491 1947 1498 1965 t
1520 1946 1562 1966 ne

887 1977 1031 2007 laureatis
1051 1977 1178 2016 quidem
1205 1976 1302 2006 literis
1323 1975 1403 2013 gesta
1422 1975 1471 2005 sua
1492 1985 1562 2011 pro-

886 2016 1004 2047 secutus
1017 2016 1066 2046 est.
1080 2017 1128 2046 De
1140 2015 1282 2046 laureatis
1300 2015 1396 2045 literis
1406 2015 1478 2045 vide
1488 2018 1562 2054 Sup-

887 2057 1079 2094 plementum
1094 2055 1205 2085 Annal.
1224 2056 1314 2087 vm.
1333 2058 1385 2084 26.

926 2101 939 2120 7
972 2097 1115 2125 Pomm
1143 2098 1224 2128 REI]
1256 2093 1345 2123 Nihil
1366 2093 1496 2132 publicae
1517 2093 1561 2124 rei

887 2135 998 2173 agebat
1018 2144 1071 2172 pet
1090 2134 1218 2164 libertos
1236 2133 1416 2172 servosque,
1433 2133 1562 2172 pessimo

888 2173 944 2242 hpc
958 2173 990 2204 in
1001 2184 1033 2204 re
1042 2173 1200 2213 praesxdum
1210 2173 1450 2212 Principumque
1460 2183 1563 2203 exem-

922 2224 952 2244 o.

889 2223 905 2252 p
928 2253 940 2272 3
962 2253 1094 2284 Mun-Es
1120 2254 1281 2290 ameum]
1305 2250 1506 2290 Singularitet
1519 2251 1562 2281 di·-

889 2295 988 2328 crum,
1001 2292 1022 2321 fi
1037 2293 1169 2329 adscire,
1185 2303 1240 2331 pro
1259 2292 1374 2322 milites
1390 2291 1490 2329 legere
1509 2298 1560 2320 aut

890 2331 1250 2370 proveliere‚11surpett1r.
1262 2332 1320 2362 Sed
1333 2333 1403 2362 ciam
1415 2331 1493 2360 nihil
1507 2340 1562 2367 pu-

890 2372 978 2402 blica:
999 2372 1043 2401 rei
1066 2383 1118 2411 per
1135 2372 1265 2402 libertos
1293 2372 1327 2402 8<
1361 2371 1463 2400 servos
1492 2370 1560 2398 suos

178 2409 262 2439 blice
277 2410 483 2450 privatimque
503 2411 741 2446 occurrebatur,
764 2421 851 2441 com-
891 2420 994 2449 ageret
1017 2412 1161 2451 Agricola
1179 2436 1187 2447 ,
1224 2411 1362 2442 stratores
1385 2410 1560 2452 aliorumve

179 2449 404 2481 mendabantur
430 2450 592 2490 civitates,
614 2449 708 2481 xenia
728 2450 852 2482 missita-
891 2448 1561 2483 officiorumministrosfibiadscivitmihtm
