1952 2708
298 190 380 232 AD
408 190 514 231 LIB.
547 188 625 230 DE
647 187 905 229 MORIBUS
936 190 1375 234 GERMANORUM,
1457 199 1537 244 189

213 268 300 316 Leg.
330 279 362 302 1.
387 275 674 301 HEREDITATEM
706 274 903 299 DEFUNCTI
938 275 1055 300 FILIUS
1071 291 1080 306 ,
1109 277 1191 301 NON
1214 281 1315 305 FILIA
1339 281 1542 308 SUSCIPIAT.

160 329 190 353 81
207 328 337 352 FILIUM
358 326 437 351 NON
458 325 604 350 HABUIT
623 323 689 354 QUI
707 324 934 348 DEFUNCTUS
959 324 1044 355 EST,
1070 325 1123 347 AD
1148 327 1279 352 FILIAM
1299 331 1467 356 PECUNIA
1495 332 1544 357 ET

160 377 373 408 MANCIPIA,
405 375 532 399 TERRA
558 374 661 398 VERO
696 374 749 397 AD
776 373 979 399 PRoxIMUM
1010 373 1218 399 PATERNAE
1257 378 1542 406 GENERATIONIS

159 425 496 453 CONSANGUINEUM
523 423 759 449 PERTINEAT.

207 515 295 564 Leg.
319 525 354 550 2.
375 515 410 550 Si
433 525 539 550 autem
560 526 613 548 nec
624 512 739 560 filiam
763 512 871 548 hahuit
885 542 893 554 ,
917 513 1010 559 Jbror
1031 514 1096 560 ejus
1115 515 1282 558 pecuniam
1302 513 1339 547 &¹
1358 519 1544 564 mancipiae⁸

159 575 279 600 terram
294 567 461 610 proximus
479 575 618 610 paterna:
638 565 851 610 generationis
874 565 1020 607 accipiat.

205 612 292 663 Leg.
325 625 360 661 3.
382 615 417 649 Si
445 625 549 648 autem
579 625 632 646 nec
647 612 787 659 filium,
812 625 864 646 nec
888 611 1027 659 filiam,
1055 624 1149 659 neque
1167 612 1308 658 fhrorem
1330 613 1463 657 habuit,
1487 616 1546 662 sed

158 676 291 698 matrem
309 664 432 698 tantt'tm
446 661 646 709 superstitem
668 663 818 710 reliquit,
843 662 1018 709 quodfilia
1039 662 1090 697 vel
1106 662 1200 708 Jbror
1222 662 1414 706 debuerunt,
1445 677 1546 701 mater

148 714 327 760 suseipiat,
357 712 389 747 id
414 713 456 758 est
476 714 641 757 pecuniam
670 712 706 746 &¹
729 714 900 757 mancipia.

205 763 292 811 Leg.
321 774 358 809 4.
381 761 520 809 Qubdfi
543 774 595 796 nec
608 760 745 808 filium,
770 773 822 795 nec
834 760 972 806 filiam,
1001 774 1053 796 nec
1064 762 1205 807 fitrorem
1221 787 1230 803 ‚
1259 771 1315 795 aut
1341 773 1474 797 matrem
1495 763 1547 798 di-

157 811 241 859 mtfit
255 812 438 859 fitperstites
453 838 461 854 ‚
482 813 673 857 proximus,
695 814 748 858 qui
763 811 868 857 fiterit
885 822 1028 856 paternae
1047 813 1259 858 generationis
1273 837 1283 854 ‚
1307 811 1390 846 heres
1416 825 1456 847 ex
1479 823 1545 848 toto

148 861 316 908 fitceedat,
341 874 409 897 tam
429 864 461 895 in
476 860 611 907 pecunia
635 872 728 909 atque
751 862 915 906 mancipiis
930 890 938 902 ‚
962 860 1057 908 qudm
1077 863 1111 895 in
1134 860 1232 895 terrei.

206 909 292 960 Leg.
316 922 350 957 5.
373 911 428 946 Ad
449 923 667 959 quemcumque
691 909 847 944 hereditas
866 921 956 944 terrae
973 912 1153 955 pervenerit
1167 939 1176 952 ,
1203 910 1244 944 ad
1260 911 1352 944 illum
1370 910 1463 957 vestis
1480 913 1546 947 bel-

157 961 219 995 lica
235 988 243 1003 ‚
272 961 305 995 id
323 960 364 1007 est
382 962 501 1003 lorica,
529 961 565 994 ἕν’
590 961 668 994 ultio
684 961 850 1005 proximi,
877 960 1042 1005 &solutio
1070 959 1169 994 leudis
1193 964 1207 1001 <
1228 959 1266 995 id
1288 959 1336 996 est
1363 960 1544 1012 compost-

156 1008 290 1054 tionis,
313 1011 370 1046 {eu
397 1008 594 1058 W'eregildi
616 1012 630 1054 )
656 1009 743 1044 debet
763 1012 931 1054 pertinere.

207 1058 292 1109 Leg.
321 1065 353 1097 6.
380 1061 489 1094 Mater
511 1061 643 1093 moriens
673 1059 751 1106 filio
788 1070 931 1101 terram,
965 1061 1143 1104 mancipia,
1177 1060 1344 1104 pecuniam
1372 1059 1545 1103 dimittat,

147 1108 234 1157 filiae
249 1113 322 1145 vert>
341 1109 443 1155 spolia
466 1110 561 1150 colli,
584 1109 617 1143 id
635 1107 676 1154 est
694 1121 837 1143 murenas
858 1135 867 1150 ‚
895 1108 1002 1154 nufias
1028 1107 1109 1150 (seu
1124 1107 1298 1152 fibulas),
1315 1110 1467 1150 monilia,
1494 1112 1543 1143 in-

156 1171 248 1194 aures
265 1187 275 1202 ‚
300 1159 397 1206 vestes
410 1189 418 1201 ,
442 1159 587 1193 armillas
602 1188 611 1200 ‚
636 1159 687 1192 vel
707 1158 858 1206 quidquid
877 1161 1052 1192 ornamenti
1074 1161 1197 1203 proprii
1214 1159 1382 1192 videbatur
1397 1159 1543 1207 hahuiſje.

204 1209 291 1257 Leg.
316 1220 352 1253 7.
375 1211 407 1243 Si
424 1221 476 1243 nec
488 1208 625 1255 filium,
654 1219 706 1242 nec
720 1207 834 1254 filiam
853 1207 1017 1250 habuerit,
1035 1207 1176 1253 fhrorem
1195 1211 1268 1242 vert)
1292 1208 1437 1242 habuerit
1452 1235 1461 1250 ‚
1483 1209 1544 1255 Jb-

155 1261 221 1293 rori
240 1262 405 1304 pecuniam
425 1259 461 1293 Ετ
479 1260 636 1303 mancipia
649 1283 659 1299 ,
684 1260 834 1302 proximo
857 1260 929 1290 verb
944 1259 1071 1302 paterni
1088 1260 1211 1303 generis
1236 1269 1353 1291 terram
1370 1260 1542 1305 relinquat,

209 1308 296 1357 Leg.
318 1309 351 1343 8.
373 1307 472 1354 UfiIue
488 1307 529 1341 ad
546 1309 688 1354 quintam
702 1307 935 1354 generationem
955 1318 1093 1351 paterna
1109 1309 1274 1352 generatio
1287 1307 1446 1352 fitccedat.
1468 1306 1543 1353 Post

155 1359 298 1405 quintam
323 1369 427 1392 autem
441 1356 522 1403 filia
547 1368 586 1390 ex
609 1367 696 1396 toto,
713 1355 785 1402 five
810 1355 845 1389 de
868 1357 972 1400 patris
992 1355 1064 1402 five
1083 1358 1195 1389 matris
1216 1367 1331 1400 parte,
1361 1358 1393 1390 in
1419 1358 1542 1393 heredi-

154 1418 253 1442 tatem
267 1406 415 1453 succedat
430 1435 437 1447 ,
464 1406 501 1440 ἐπ’
527 1416 599 1439 tttne
623 1405 746 1439 demum
770 1404 924 1439 hereditas
948 1405 1113 1451 adfusum
1142 1417 1161 1438 a
1188 1405 1297 1439 lanceti
1320 1407 1470 1452 tranfieat.

206 1457 371 1492 Veterem
389 1455 652 1491 Germanorum
671 1453 771 1489 usum
790 1465 971 1490 mutavere
991 1452 1268 1503 Burgundiones
1282 1482 1292 1497 ,
1318 1465 1357 1490 ut
1380 1466 1478 1503 patet
1496 1469 1540 1493 ex

154 1517 279 1542 eorum
304 1505 419 1555 Lege,
445 1505 521 1540 Tit.
542 1504 639 1540 XIV.
674 1505 710 1539 de
733 1504 980 1550 Succeffiont'latts.
1008 1505 1096 1553 Leg.
1125 1515 1155 1540 1.
1189 1507 1275 1539 Inter
1300 1506 1545 1553 Burgundiones

154 1557 189 1591 id
211 1557 355 1590 volumus
376 1554 547 1602 custodiri,
579 1566 613 1589 ut
657 1567 665 1588 z
691 1557 758 1603 quis
783 1553 895 1601 filium
928 1566 988 1587 non
1019 1555 1182 1601 reliquerit
1199 1583 1206 1594 ,
1233 1557 1266 1587 in
1291 1555 1355 1588 loco
1373 1554 1447 1601 filii
1459 1556 1542 1602 filia

154 1608 188 1641 in
210 1608 311 1650 patris
336 1605 503 1652 matrisque
520 1605 690 1639 hereditate
708 1604 867 1650 fitccedat.
895 1604 973 1639 Nec
1006 1602 1108 1638 aliter
1135 1601 1207 1638 Lex
1233 1602 1435 1647 Saxonum,
1465 1605 1541 1642 Tit.

154 1655 239 1692 VII.
258 1655 294 1689 de
312 1656 494 1690 Heredibus.
521 1655 607 1702 Leg.
632 1666 664 1689 1.
686 1657 783 1688 Pater
806 1664 861 1687 aut
886 1666 986 1688 mater
1011 1654 1150 1700 defuneli
1166 1652 1245 1699 filio
1266 1653 1424 1700 nonfiliae
1451 1656 1541 1690 here-

153 1706 286 1741 ditatem
309 1706 500 1753 relinquant.
522 1703 610 1752 Leg.
631 1715 668 1750 4.
687 1704 752 1747 Qui
773 1702 934 1749 defunelus
956 1703 1121 1750 nonfilios
1137 1729 1145 1744 ‚
1165 1703 1223 1748 sed
1236 1702 1332 1748 filias
1354 1705 1540 1751 reliquerit,

153 1757 196 1791 ad
220 1767 270 1790 eas
291 1757 389 1789 omnis
410 1754 563 1790 hereditas
579 1756 763 1800 pertineam
787 1753 888 1788 tutela
909 1756 981 1788 ver&
1001 1765 1107 1788 earum
1123 1752 1229 1799 fratri
1249 1753 1300 1786 vel
1315 1757 1465 1798 proximo
1479 1767 1543 1800 pa-

155 1808 239 1841 terni
259 1807 381 1849 generis
401 1805 575 1850 deputetur.

205 1852 307 1888 Nihil
339 1854 425 1890 vero
452 1852 580 1890 veteris
615 1852 725 1888 moris
746 1851 869 1887 manfit
892 1851 986 1900 apud
1017 1851 1262 1900 Wifigothos,
1291 1852 1351 1900 qui
1380 1850 1539 1889 filiorum

154 1902 376 1951 filiarumque
397 1905 450 1952 jus
471 1915 662 1940 commune
686 1902 815 1938 fecere.
835 1902 893 1938 Sic
914 1901 1009 1938 enim
1030 1903 1103 1938 Lex
1127 1900 1407 1949 wisigothorum
1424 1929 1432 1944 ‚
1458 1902 1539 1942 libr,

153 1951 217 1989 IV.
241 1951 316 1988 Tit.
342 1966 376 1988 2.
401 1955 443 1988 Ut
454 1956 576 2001 fitrores
599 1965 666 1987 cum
682 1953 844 1998 fratribus
876 1954 1040 2000 aequaliter
1063 1955 1095 1986 in
1109 1951 1255 1998 fratrum
1278 1952 1446 1987 hereditate
1459 1954 1540 1998 site-

154 2003 276 2038 cedant.
302 2003 389 2051 Leg.
420 2014 450 2038 1.
474 2005 508 2039 Si
526 2013 619 2049 ptzter
639 2004 690 2036 vel
712 2014 812 2036 mater
836 2002 976 2048 intestati
999 2001 1204 2050 diseeſjerint,
1231 2012 1303 2034 tunc
1317 2001 1441 2046 fitrores
1469 2016 1540 2038 cunt

145 2053 308 2099 fratribus
327 2055 359 2086 in
379 2055 462 2087 omni
476 2063 643 2098 parentum
657 2052 818 2095 facultate
834 2079 842 2094 ‚
865 2052 976 2098 “hfill‘e
996 2053 1061 2085 alio
1080 2051 1198 2094 objeeitt
1216 2075 1224 2089 ,
1255 2051 1369 2097 aequali
1386 2051 1539 2099 divisione

144 2103 327 2149 fitccedant.
350 2101 441 2136 Aliae
470 2102 549 2137 sunt
570 2100 730 2148 plurimae
757 2100 880 2136 endem
904 2100 947 2135 de
973 2112 1008 2135 re
1031 2112 1155 2135 eorum
1179 2099 1285 2147 leges,

206 2151 313 2198 Apud
332 2163 399 2186 nos
416 2152 502 2187 vero
516 2179 525 2193 ‚
554 2150 591 2185 in
614 2143 810 2198 regnatrice
828 2150 940 2184 domo
956 2176 965 2191 ‚
993 2149 1091 2197 viget
1108 2153 1140 2184 &
1160 2151 1195 2183 in
1213 2148 1420 2185 immensum
1438 2153 1538 2187 auc'ta

152 2199 225 2236 Lex
245 2200 382 2243 Salica,
413 2200 595 2250 egregium
624 2197 765 2246 imperii
789 2198 894 2236 decus
915 2226 925 2242 ‚
961 2201 995 2234 <Sc
1030 2197 1224 2235 securitatis
1254 2198 1411 2247 publicae
1442 2210 1538 2237 tuta-

152 2260 321 2287 mentum.

202 2299 344 2335 TANTO
376 2309 608 2335 GRATIOSIOR
630 2300 647 2342 ]
678 2297 733 2333 Ita
747 2298 812 2333 Ms.
836 2298 951 2334 Vatic.
983 2300 1093 2344 1518.
1115 2300 1148 2334 &
1170 2297 1384 2334 recentiores
1408 2298 1534 2334 editio-0

154 2359 225 2383 nes.
261 2348 304 2385 In
337 2348 412 2387 ΜΠ.
434 2349 552 2386 Vatic.
577 2351 682 2396 2964
712 2350 745 2384 ὃς
770 2349 872 2397 4498
896 2347 1144 2396 veteribusque
1172 2347 1416 2393 editionibus,
1446 2352 1534 2384 tanti)

150 2409 287 2446 gratior,
