1952 2708
100 802 148 830 10

361 138 559 181 LIBRI
613 136 879 178 DECIMI
929 137 1341 181 ANNALIUM.
1472 155 1561 191 397

176 221 332 278 generis
351 225 362 242 ¹
390 219 564 258 innitens
581 246 594 267 ‚
622 215 879 270 laureamque
901 217 943 256 in
965 219 1121 271 gremio
1136 221 1311 261 numinis
1332 220 1530 278 deposuit.

238 284 331 324 ΙΙΙ.
365 281 439 321 AD
467 281 661 336 triumphi
700 294 890 336 pompam
935 280 1130 320 accessere
1166 280 1353 324 ludorum
1393 283 1534 326 hilaria
1548 314 1561 335 ,

179 361 277 401 quos
293 346 506 400 Princeps,
526 340 693 400 accepta
710 343 761 384 ob
779 358 866 385 eam
887 357 971 384 rem
995 342 1172 385 consulis
1196 348 1412 401 potestate2
1426 377 1440 397 ,
1461 349 1561 389 duo-

177 409 248 450 bus
275 407 388 448 snnul
421 409 585 449 theatris
600 437 613 458 ,
645 419 690 447 ut
709 406 861 464 populo
882 407 1171 461 gratificaretur
1186 438 1199 458 ‚
1226 408 1457 451 celebravit.
1478 411 1564 451 Tot

179 471 339 526 quidem
356 486 551 526 equorum
567 471 784 512 certamina
797 500 810 522 ‚
827 483 926 524 quot
940 485 1009 527 per
1026 470 1132 510 diem
1148 471 1265 511 edere
1281 472 1422 514 liceret
1438 503 1450 524 ‚
1473 489 1566 530 pro·

178 535 338 577 miserat
365 552 372 575 :
398 536 535 576 verum
562 548 726 591 propter
751 534 932 575 ursorum
956 533 1080 575 caedes
1096 563 1109 584 ‚
1131 533 1370 575 athletarum
1389 552 1565 592 pugnas,

178 600 382 655 pyrrhicas
398 613 612 654 puerorum
621 612 671 638 ex
681 595 770 637 Asta
787 611 1050 638 evocatorum
1065 595 1419 649 saltationes5haud
1437 599 1567 654 plura,

181 661 298 715 quam
320 662 460 702 decem
478 662 634 702 atlitata
653 666 680 700 ³.
708 659 935 716 Spefi'taculi
958 662 1116 701 raritate
1136 677 1182 702 ac
1205 661 1399 717 dignitate
1425 664 1567 717 praesti-

178 725 228 764 tit
244 726 490 780 expugnatio
508 725 759 779 direptioque
778 724 917 780 oppidi
935 729 952 752 4
965 754 978 773 ,
996 724 1044 765 ad
1059 725 1277 780 imaginem
1304 724 1494 766 bellicam
1526 730 1568 766 δε

178 787 426 828 deditionem
450 788 662 828 Britanniae
685 802 824 842 regum
865 789 906 826 in
943 787 1095 828 Martio
1134 803 1277 845 campo
1312 789 1417 830 edita
1440 818 1452 839 ‚
1500 790 1567 829 cui

177 851 368 906 Princeps
395 851 575 906 praesedit
603 849 812 907 paludatus
833 855 860 890 5.
892 849 1008 891 Alios
1036 851 1195 907 insuper
1222 851 1369 903 ludos,
1409 851 1566 892 senatus

176 915 364 970 permissu
378 943 390 963 ,
411 914 543 955 fecere
559 912 816 955 theatralium
842 928 1053 969 operarum
1073 914 1195 954 duces
1206 913 1235 955 ⁶.

240 977 322 1018 IV.
356 977 456 1018 Haec
481 977 642 1031 quidem
669 977 843 1027 decora,
870 981 909 1017 ὃ(
935 977 1056 1032 digna
1083 978 1269 1034 Principe
1290 1006 1302 1028 ‚
1339 979 1379 1017 ni
1406 976 1566 1017 fuissent

176 1038 413 1080 libertorum
434 1039 652 1082 honoribus
669 1040 830 1081 foedata.
862 1041 918 1081 At
934 1040 1084 1090 Pofidi‚
1105 1043 1295 1082 eunucho
1313 1045 1326 1067 ⁷
1343 1071 1355 1091 ,
1373 1042 1476 1081 inter
1492 1041 1566 1078 mi-

176 1101 352 1143 litarium
382 1103 609 1144 fortissimos
636 1119 742 1144 arma
772 1103 938 1158 insignia
963 1117 1165 1157 tamquam
1187 1104 1373 1159 participi
1395 1104 1571 1144 vietoriae

178 1166 287 1207 dono
312 1167 402 1207 data
426 1184 433 1206 :
460 1166 688 1222 permissum
714 1163 1015 1223 Harpocrati⁸‚
1043 1180 1087 1207 ut
1118 1165 1259 1207 leffica
1278 1172 1294 1194 9
1324 1181 1393 1222 per
1415 1166 1568 1207 Urbem

178 1231 404 1281 veheretur,
423 1234 461 1270 ὅ(
478 1229 699 1286 ΓΡεᾶᾶςυΙει
714 1229 876 1287 publice
894 1230 1027 1270 ederet
1040 1235 1086 1271 ¹0.
1104 1230 1234 1271 Ausus
1255 1234 1294 1271 ὅ(
1312 1229 1502 1285 Polybius
1517 1235 1568 1280 ¹¹,

217 1397 226 1411 ¹
251 1393 412 1429 Gentius]
435 1393 587 1431 Pompeio
614 1393 729 1431 Magno
746 1391 780 1424 ὅ(
802 1392 852 1423 Si-

177 1431 250 1462 lano
267 1443 276 1469 ;
294 1432 332 1461 de
343 1431 454 1470 quibus
465 1431 579 1462 dierum
593 1442 658 1470 cap.
676 1433 739 1470 sup.

219 1476 230 1489 ²
254 1472 410 1501 CoNsuus
433 1474 639 1510 POTESTATE]
673 1471 736 1501 Dio
755 1494 763 1508 ‚
784 1472 851 1501 LX.

178 1513 329 1549 pag.680.

218 1555 228 1575 3
252 1550 367 1579 DECEM
397 1560 551 1581 ACT1TATA
579 1551 593 1587 ]
634 1549 697 1580 Dio
727 1573 736 1586 ‚
775 1549 853 1579 ibid.

892 1392 1047 1423 Beroaldo
1068 1391 1195 1431 aliisque
1219 1391 1305 1422 idem
1323 1391 1379 1422 effe
1392 1391 1519 1422 videtur
1533 1400 1570 1422 ac

894 1432 1044 1462 Callistus.

932 1477 944 1494 ⁹
970 1473 1111 1501 LEcT1CA
1130 1472 1143 1507 ]
1178 1469 1348 1499 chlitarum
1377 1470 1448 1508 ufizm
1488 1468 1570 1498 certis

894 1513 1013 1541 tantum
1025 1509 1162 1548 perfrtzis,
1179 1509 1209 1538 Er
1230 1509 1356 1538 oerazilaus
1373 1533 1381 1545 ‚
1398 1519 1495 1546 perque
1506 1518 1569 1536 cer-

893 1560 934 1578 zor
946 1549 1003 1579 dies
1015 1548 1190 1588 permiserat
1202 1549 1300 1579 Julius
1315 1549 1424 1579 Caesar.
1438 1550 1570 1578 Sueton.

177 1588 281 1627 Vulgo
307 1588 474 1619 duodecim
496 1598 582 1620 crant
608 1589 730 1625 missus,
755 1588 852 1618 immo

178 1629 213 1658 &
227 1629 327 1666 plures
344 1639 353 1665 ;
371 1636 404 1658 ut
425 1629 486 1666 jam
508 1629 742 1659 observavimus
768 1628 854 1667 supra

180 1677 247 1705 pag.
264 1677 335 1704 274.
351 1675 418 1697 not.
430 1678 458 1697 2.

219 1711 233 1729 4
254 1707 477 1741 Dmmmoquss
514 1718 619 1737 OPPIDI
645 1707 659 1743 ]
706 1707 780 1736 Haec
820 1706 854 1737 &

181 1745 264 1784 seqq.
286 1747 414 1775 Sueton.
425 1746 456 1775 in
471 1746 581 1776 Claud.
596 1747 679 1776 XXI.

182 1823 201 1853 ι,
222 1791 228 1809 5
256 1785 418 1828 Pnfflsemr
433 1790 638 1820 rumonus]
656 1786 690 1815 In
701 1784 781 1815 veste
797 1784 854 1814 mi-

196 1831 274 1853 itari.

219 1866 231 1882 ⁶
254 1864 435 1894 OPERARUM
455 1864 574 1900 Duces]
598 1862 678 1900 Dio,
696 1863 763 1893 LX.
789 1873 854 1901 pag.

180 1904 254 1932 680.

220 1948 232 1965 7
257 1942 365 1971 Pomm
393 1952 538 1971 emmeno
559 1943 572 1978 ]
605 1941 709 1971 Aurel.
729 1940 856 1976 vietor,

181 1980 215 2010 in
251 1981 395 2019 Epitome
428 2004 437 2017 ,
483 1979 598 2018 Posidio.
642 1983 683 2010 At
724 1979 853 2009 Posiden

180 2030 253 2050 eum
297 2020 432 2058 appellat
470 2019 635 2050 Suetonius
674 2019 708 2048 in
744 2019 853 2049 Claud.

180 2060 323 2089 XXVIII.
365 2058 539 2089 Libertorum
576 2058 711 2095 praetipue}
733 2058 854 2096 ficffiexir

179 2097 292 2138 Pqfiden
309 2097 456 2136 spadonem
470 2120 479 2131 ‚
496 2107 571 2136 quem
593 2097 675 2126 etiam
690 2097 854 2126 Britannico

180 2137 312 2174 triumpho
337 2138 410 2166 inter
434 2136 567 2166 militares
593 2137 666 2165 viror
692 2136 764 2176 hastzi
787 2137 855 2172 parci

181 2176 303 2206 donavit.
327 2178 418 2207 Hunc
437 2184 527 2207 notat
548 2175 708 2207 Juvenalis
729 2199 738 2213 ,
759 2177 829 2207 XIV
845 2199 854 2213 ‚

181 2226 234 2253 91·
248 2255 280 2280 Ut
289 2257 361 2288 spado
376 2256 483 2280 vincebat
494 2256 611 2288 Capitolia
625 2254 699 2286 nostra
708 2253 812 2284 Posides.

182 2293 262 2323 Vide
275 2294 308 2324 ὃς
322 2295 455 2325 Plinium
467 2318 476 2332 ,
497 2295 621 2333 XXXI,
645 2306 661 2325 2
672 2319 680 2332 ‚
695 2294 747 2324 ubi
763 2302 855 2332 aquas

183 2331 356 2363 Pofidianas
372 2343 536 2365 memorat.

223 2372 237 2405 ,ὅ
258 2372 465 2405 ΗΑΚΡοεκΑτι
489 2375 502 2412 ]
529 2375 659 2405 Sueton.
706 2373 768 2404 loc.
803 2372 857 2404 cit.

894 1589 926 1619 in
942 1589 1001 1619 Jul.
1020 1590 1132 1618 XLIII.

936 1630 964 1648 ¹0
986 1630 1118 1658 Poimen
1145 1629 1291 1665 romu-r]
1321 1627 1403 1656 Cura
1423 1626 1569 1656 ludorum

893 1667 968 1698 viris
983 1667 1136 1706 dignitate
1151 1667 1309 1705 praecipuis
1324 1665 1571 1704 permittebatur.

893 1707 941 1737 Sic
963 1706 1143 1737 Arruntium
1161 1706 1287 1736 Stellam
1303 1705 1383 1735 ludis
1396 1704 1572 1743 praefeclum

895 1746 1030 1776 vidimus
1053 1746 1140 1784 supra
1154 1746 1265 1775 Annal.
1286 1746 1382 1780 X111,
1404 1754 1452 1774 22.
1474 1743 1572 1780 Hujus

895 1785 1034 1816 nominis
1054 1785 1213 1815 consulem
1228 1784 1303 1814 vide
1322 1783 1402 1822 apud
1416 1782 1572 1813 eruditum

895 1825 991 1861 Gori‚
1014 1824 1141 1863 Inscript.
1165 1824 1261 1861 Amiq.
1277 1824 1373 1853 Tom.
1390 1824 1412 1851 Ι.
1432 1832 1498 1860 pag.
1521 1825 1572 1860 65.

896 1865 1034 1895 Audaces
1066 1863 1135 1893 sane
1167 1863 1297 1893 libertos
1328 1862 1402 1892 fecit
1434 1861 1571 1891 senatus-

895 1903 1070 1934 consultum
1081 1926 1089 1939 ‚
1106 1913 1169 1942 quo
1184 1910 1309 1933 cautum
1324 1901 1438 1936 fuerat,
1457 1910 1491 1928 ne
1508 1900 1571 1939 quis

892 1942 1089 1982 gladiatorium
1108 1952 1204 1970 munus
1218 1941 1308 1970 ederet
1320 1964 1329 1978 ,
1352 1941 1394 1969 cui
1408 1939 1494 1968 minor
1502 1949 1573 1978 qua-

894 1982 1099 2021 ciringenmrum
1123 1981 1235 2010 millium
1257 1991 1325 2015 νας,-
1346 1987 1380 2010 ut
1396 1979 1511 2009 dierum
1530 1979 1571 2008 est

893 2022 980 2059 supra
1003 2021 1114 2051 Annal.
1141 2022 1200 2057 lv,
1221 2024 1273 2058 63.
1300 2021 1388 2050 Hanc
1408 2017 1571 2049 audaciam

894 2069 984 2091 notat
1002 2059 1177 2095 Juvenalis,
1202 2061 1243 2089 Ill
1257 2082 1266 2096 ,
1293 2070 1341 2097 34.

927 2129 1048 2159 Quondam
1060 2129 1083 2152 hi
1097 2129 1227 2153 cornicines
1238 2147 1245 2156 ‚
1265 2128 1290 2152 δ’
1302 2127 1446 2160 municipalis
1459 2134 1536 2152 arente

927 2163 1034 2194 Perpetui
1044 2163 1151 2189 comites,
1161 2170 1263 2194 nomque
1272 2171 1314 2193 per
1324 2163 1407 2194 oppida
1429 2161 1506 2186 butcoe
1514 2180 1521 2190 ,

928 2197 1027 2220 Munera
1040 2205 1098 2220 nunc
1110 2197 1178 2220 edum
1190 2215 1196 2223 ,
1209 2197 1233 2220 (5¹
1247 2196 1311 2226 ver-lb
1321 2196 1407 2228 pollice
1419 2196 1504 2228 vulg-us

929 2230 1061 2262 Quemlibet
1072 2230 1336 2262 occiduntpopularitcr·

935 2298 942 2311 ¹
952 2298 959 2311 ¹
984 2294 1137 2323 Potvmus
1148 2294 1160 2330 ]
1172 2294 1198 2322 Is
1212 2292 1345 2323 Claudio
1358 2292 1418 2324 fuit
1431 2303 1447 2322 a
1457 2291 1570 2322 studiis.-

895 2332 959 2369 post
975 2343 991 2362 a
1007 2332 1164 2362 Mcffalina
1179 2332 1372 2370 interfeclus3
1393 2341 1427 2363 ut
1436 2332 1571 2363 diximus

894 2371 927 2401 in
938 2372 1161 2411 Supplemento
1184 2372 1298 2404 Annal.
1316 2373 1356 2403 XI
1371 2395 1380 2410 ,
1403 2383 1432 2402 2,

1580 278 1613 303 A.
1624 279 1652 301 υ.
1665 279 1695 302 C.

1606 333 1678 362 797·

1610 381 1631 404 J.
1639 380 1670 404 C.

1616 437 1669 466 44·
