1952 2708
386 120 471 167 362

664 113 1474 156 SUPPLEMENTUM

385 194 510 235 blicas
541 199 584 240 ¹3
614 196 715 250 patri
743 199 758 215 ²
786 195 996 236 Circenses
1024 194 1140 237 ludos
1169 201 1178 224 ³
1209 194 1331 237 natali
1353 195 1418 236 die
1445 195 1672 237 decernere.
1702 196 1771 236 Ne

254 251 283 274 Α·
298 252 326 274 u.
340 252 368 274 C·
386 258 609 298 Antonium
627 258 786 312 quidem
802 259 1088 300 inhonoratum
1100 289 1113 309 ‚
1141 275 1187 300 ac
1205 260 1283 299 fine
1298 258 1408 313 grata
1423 260 1629 300 mentione
1644 259 1772 299 trans-

384 321 487 361 misit
513 337 520 360 :
543 322 702 362 testatus
720 337 789 377 per
805 321 976 362 edich1m
991 352 1004 372 ‚
1033 340 1053 359 (ε
1076 326 1189 362 tanto
1210 322 1418 377 impensius
1434 336 1568 377 petere
1589 323 1627 362 se
1641 335 1685 362 ut
1699 337 1771 362 na·-

281 409 332 437 4¹·
383 383 536 425 »talem
553 386 673 440 patris
693 385 811 425 Drusi
841 384 1090 427 celebrarent
1111 415 1124 436 ,
1152 385 1261 439 quod
1290 385 1397 425 idem
1428 385 1521 425 effer
1548 389 1589 426 ὃ(
1618 385 1683 426 avi
1709 384 1769 424 sui

274 307 345 335 794-

280 355 300 377 J.
313 356 341 378 C.

380 463 403 484 »
413 448 584 487 Antonii
616 465 637 485 >)
649 479 658 489 .

445 510 576 551 XIX.
611 511 839 551 ADD1D1T
881 511 997 550 matri
1026 516 1044 539 4
1076 524 1311 567 carpentum
1343 527 1356 560 ,·
1394 525 1473 564 quo
1506 524 1575 565 per
1603 510 1769 551 Circum

381 574 594 614 duceretur
609 591 616 614 :
632 574 770 614 tribuit
784 588 943 628 quoque
962 588 1195 628 cognomen
1211 574 1395 628 Augustae
1415 578 1450 623 5,
1468 572 1576 627 quod
1591 573 1739 614 femina
1754 605 1769 625 ‚

380 637 559 687 virtutis,
583 637 699 690 quam
729 637 855 678 laudis
872 666 884 687 ,
914 636 1119 677 studiosior
1133 667 1147 687 ,
1180 629 1442 677 recusaverat.
1470 637 1615 677 Fratris
1641 635 1658 657 ⁶
1682 651 1769 677 me—

378 701 574 749 moriam,
603 715 673 756 per
711 715 873 740 omnem
904 699 1158 740 occaslonem
1192 699 1432 741 celebratam
1453 728 1465 749 ,
1506 700 1622 739 novis
1657 701 1767 740 auxit

377 762 599 803 honoribus
629 768 658 803 ⁷.
686 763 951 819 Agrippinam
972 767 1012 803 ὃ(
1031 761 1181 806 Juliam
1202 760 1216 784 ⁸
1249 763 1296 804 de
1322 761 1459 803 exsilio
1483 763 1653 803 reduxit.
1674 764 1767 804 Ma-

377 824 455 879 gna
486 840 644 879 quoque
679 826 769 866 usus
797 827 839 866 in
866 827 1016 881 priores
1047 827 1253 882 Principes
1286 824 1538 877 reverentia,
1569 823 1768 878 jusjuran->

375 981 499 1021 qualem
522 981 656 1012 habebat
676 981 715 1011 D.
734 982 892 1021 Augustus.

418 1027 424 1039 ¹
460 1023 604 1050 Iurenms
640 1031 784 1051 PUELchS
807 1024 819 1058 ]
856 1024 985 1052 Sueton.
1019 1021 1051 1052 in

375 1060 486 1090 Claud.
503 1061 557 1089 XI.
573 1062 606 1089 In
621 1059 657 1089 iis
680 1060 799 1090 inferiis
821 1061 1051 1091 exstruebantur

372 1109 430 1128 arae
445 1122 452 1134 ‚
474 1098 603 1128 floribus
624 1100 872 1135 exornabantur,
892 1101 1051 1130 caedeban-

372 1147 422 1168 tur
435 1138 566 1167 vifrimae
576 1160 584 1172 ‚
614 1137 731 1177 diisque
743 1139 887 1169 Manibus
903 1139 1052 1170 sacrifica-

371 1178 461 1208 batur
483 1200 492 1211 ‚
524 1177 563 1206 de
585 1177 708 1216 reliquo
736 1178 940 1215 epulabantur
963 1203 972 1215 ,
996 1179 1050 1218 qui

371 1216 501 1246 mortuis
523 1216 564 1245 ita
582 1225 828 1254 parentaverant.
849 1218 969 1248 Feralia
987 1218 1049 1248 liaec

373 1257 453 1286 sacra
484 1255 549 1285 fuse
576 1255 720 1285 describit
744 1256 992 1294 Kirchmannus,
1011 1258 1049 1287 de

371 1294 547 1325 Funeribus
585 1296 801 1325 Romanorum
821 1319 829 1332 ‚
869 1298 910 1327 IV
932 1319 940 1331 ‚
968 1307 993 1326 1.
1015 1299 1049 1328 ὃς

372 1335 456 1373 seqq.
476 1334 522 1364 De
536 1333 660 1364 Claudii
678 1335 854 1372 parentibus
864 1336 937 1366 vide
951 1338 1049 1366 Stem-

372 1384 422 1403 ma
436 1373 587 1403 Caesarum
601 1397 608 1409 ,
632 1384 716 1403 num.
734 1385 773 1411 79
787 1376 820 1404 ὃ(
832 1386 882 1411 42.

412 1416 422 1428 ²
447 1414 574 1448 Parin]
614 1413 738 1443 Neroni
768 1414 904 1444 Claudio
932 1415 1048 1453 Druso,

370 1451 410 1481 de
436 1452 520 1489 cujus
538 1451 681 1482 laudibus
706 1452 780 1482 vide
799 1454 935 1484 Stemma
952 1455 1050 1485 Caesa-

371 1501 437 1521 rum
450 1515 458 1523 ,
484 1501 568 1520 num.
588 1502 639 1529 79.

411 1535 419 1555 ⁵
444 1531 615 1561 Cincrusrs
661 1532 789 1568 runos]
818 1533 946 1562 Sueton.
971 1531 1049 1562 ibid.

369 1568 418 1598 De
437 1569 482 1598 his
496 1569 575 1598 ludis
591 1593 599 1604 ‚
621 1570 654 1600 &
675 1579 754 1609 quot
769 1570 802 1600 in
815 1571 851 1600 iis
865 1571 960 1601 effent
975 1572 1049 1601 mis-

371 1608 417 1637 sus
443 1631 452 1643 ‚
479 1607 499 1637 fi
521 1609 727 1647 geminaretur
753 1610 860 1641 laetitia
877 1635 886 1648 ‚
914 1610 1048 1642 diximus

372 1647 476 1685 supra,
505 1658 572 1686 pag.
592 1658 662 1685 274.
676 1657 744 1679 not.
758 1660 782 1678 2.

409 1691 422 1709 4
444 1687 554 1716 l'vhrm
568 1692 576 1719 l
591 1688 737 1717 Antoniae
750 1710 758 1722 ‚
780 1688 912 1718 Antonii
925 1688 1049 1718 Trium-

369 1724 430 1754 viri
454 1725 542 1761 filiae,
561 1725 684 1756 feminae
708 1727 854 1765 oprimae,
878 1728 963 1765 cujus
983 1728 1048 1758 lau-

369 1764 421 1794 des
441 1764 514 1794 vide
540 1765 574 1794 in
591 1767 760 1796 stemmate
776 1766 945 1803 Caesarum,
962 1777 1046 1797 num.

367 1814 419 1840 42.
436 1803 519 1846 &³¹¹
537 1804 761 1843 Supplemento
779 1806 947 1835 Annalium
968 1808 1025 1837 VII
1038 1830 1046 1843 ‚

367 1853 419 1879 42.
449 1843 571 1873 P1etatis
600 1844 725 1874 Claudii
751 1844 783 1874 in
805 1853 935 1875 matrem
958 1845 1046 1876 testes

369 1881 489 1911 nummi
510 1882 636 1920 plurimi
658 1884 692 1914 ὃ(
711 1884 830 1923 ubique
850 1884 952 1914 obvii.
967 1886 1048 1915 Car-

370 1930 499 1958 pentum
522 1923 598 1952 vero
612 1945 621 1958 ,
643 1933 706 1961 quo
730 1923 887 1953 honestata
900 1924 1047 1954 Antoniae

368 1960 522 1990 memoria
541 1985 549 1997 ,
587 1969 650 1991 erat
672 1961 809 1992 vehiculi
832 1973 926 2001 genus
947 1964 1047 1994 mula-

369 2009 437 2028 rum
457 1999 537 2036 bigis
561 2002 690 2030 trachin]
706 2024 715 2037 ‚
741 2002 774 2031 in
800 2012 863 2040 quo
885 2001 1045 2033 defuncta—

369 2047 437 2066 rum
460 2038 660 2077 Augustarum
677 2039 827 2080 imagines
850 2052 903 2080 per
918 2042 1046 2072 Circum

369 2077 572 2107 ducebantur.

410 2120 417 2141 5
443 2117 622 2147 Coeuomtu
643 2120 818 2153 Aucusrffi]
841 2118 1044 2157 Perperamin

367 2153 500 2192 vulgatis
529 2157 672 2187 Suetonii
703 2158 737 2188 in
754 2159 864 2188 Claud.
883 2160 938 2188 XI.
959 2158 1045 2189 libris

367 2193 481 2231 legitur
492 2218 501 2231 ‚
529 2204 673 2233 cognomen
687 2197 816 2236 Augustae
831 2197 864 2226 ab
881 2197 946 2226 aviri
966 2208 1045 2226 recu-

356 2232 461 2270 fimum.
496 2235 700 2272 Compei-tum
739 2237 886 2267 omnibus
918 2236 1043 2267 Liviam

367 2281 548 2310 cognomen
565 2275 699 2312 Augustae
721 2286 785 2305 non
804 2276 950 2306 recusasse
963 2299 971 2311 ‚
993 2277 1044 2306 sed

367 2311 450 2341 ultro
472 2311 629 2350 usurpasse.
650 2313 771 2344 Idcirco
796 2315 914 2354 Lipsius
933 2325 1042 2345 emen-

369 2350 460 2381 dabat
479 2374 489 2390 ‚
513 2351 546 2380 ab
564 2352 628 2382 vimi
655 2353 835 2385 recusatum.
870 2354 962 2386 Multi
985 2364 1041 2384 ex-

1091 981 1168 1012 stant
1180 982 1325 1013 Antoniae
1350 983 1470 1012 nummi
1489 993 1559 1012 cum
1577 981 1670 1013 titulo
1684 983 1764 1012 AN-

1091 1022 1227 1051 TONIA
1252 1023 1445 1053 AVGVSTA
1466 1046 1475 1058 ‚
1508 1022 1558 1052 sed
1593 1022 1764 1060 imperante

1091 1061 1227 1091 Claudio
1259 1061 1319 1091 cufi
1340 1085 1349 1098 ,
1379 1070 1413 1091 ut
1441 1060 1576 1091 fatentur
1605 1060 1664 1090 viri
1694 1071 1764 1091 om-

1091 1110 1144 1129 nes
1169 1099 1291 1130 eruditi.
1311 1102 1500 1139 Cognomen
1527 1101 1664 1138 Augussae
1686 1100 1765 1130 olim

1092 1139 1198 1169 datum
1217 1139 1303 1170 fuiss'e
1326 1139 1471 1170 Antoniae
1491 1150 1508 1169 a
1526 1140 1606 1170 Caio
1624 1140 1686 1177 jam
1701 1150 1766 1175 no-

1091 1178 1224 1208 tavimus
1249 1179 1281 1208 in
1299 1179 1523 1218 Supplemento
1549 1179 1661 1208 Annal.
1684 1179 1765 1216 VII,

1129 1258 1142 1275 ⁶
1163 1257 1300 1287 FRA‘rms
1324 1259 1338 1294 ]
1370 1256 1572 1292 Germanici,
1594 1267 1764 1296 numquam

1090 1295 1158 1326 satis
1177 1297 1293 1326 laudati
1314 1296 1518 1335 imperatoris.
1536 1296 1616 1326 Vide
1628 1298 1766 1328 Stemma

1091 1335 1241 1365 Caesarum
1255 1360 1262 1371 ‚
1284 1346 1368 1365 num.
1385 1339 1432 1366 8¹.
1451 1336 1572 1366 Tabula
1587 1335 1763 1372 Antiatina,

1091 1385 1183 1412 quam
1195 1375 1331 1405 eruditus
1346 1375 1475 1413 Vulpius
1496 1375 1643 1405 Soc.Jesu
1659 1375 1765 1413 publi-

1090 1415 1172 1444 cavit
1193 1416 1227 1445 &
1246 1414 1424 1450 illustravit,
1442 1424 1532 1444 notat
1550 1414 1654 1444 mense
1667 1416 1766 1445 Oc‘to—

1088 1453 1136 1482 bri
1152 1477 1161 1490 ,
1178 1453 1247 1490 die,
1265 1462 1299 1484 ut
1318 1454 1441 1484 videtur
1466 1457 1476 1487 (
1498 1453 1546 1483 hic
1570 1453 1653 1483 enim
1669 1453 1765 1483 extri-

1089 1501 1155 1522 tum
1187 1494 1351 1531 marmor)
1379 1516 1388 1529 ,
1422 1492 1508 1523 sexto
1536 1493 1606 1522 Idus
1628 1493 1765 1523 INFER.

1089 1533 1320 1562 GERMANIC.
1347 1532 1380 1562 id
1404 1532 1443 1562 est
1468 1555 1478 1568 ,
1510 1531 1626 1568 inferias
1645 1531 1765 1560 Germa-

1087 1581 1154 1601 mci.

1127 1617 1139 1636 7
1160 1611 1346 1641 Howoamus
1366 1612 1380 1648 ]

1088 1649 1277 1680 comoediam
1289 1649 1452 1680 aClaudio
1464 1649 1606 1688 scriptam
1620 1650 1654 1680 ὅ(
1669 1661 1764 1680 coro-

1087 1698 1191 1719 natam
1228 1690 1365 1720 recenset
1395 1689 1562 1719 Suetonius
1591 1688 1624 1718 in
1651 1689 1763 1720 Claud.

1087 1729 1139 1758 XI.
1164 1727 1322 1765 Adfratris
1344 1729 1498 1758 memoriam
1518 1738 1566 1764 per
1586 1738 1690 1757 omnem
1713 1738 1763 1757 oc·-

1087 1767 1219 1806 cczstonem
1252 1767 1415 1796 celebratam
1438 1792 1448 1806 ‚
1480 1766 1638 1796 comoediam
1665 1778 1765 1806 quoque

1088 1806 1218 1836 Graecam
1242 1807 1428 1844 Neapolitano
1460 1807 1607 1836 certamine
1639 1805 1730 1836 docuit
1751 1831 1763 1845 ,

1086 1856 1120 1874 ac
1142 1846 1174 1875 de
1187 1847 1329 1885 sententia
1344 1846 1466 1885 judicum
1495 1846 1645 1876 coronavit.
1659 1848 1695 1876 In
1706 1846 1764 1877 hac

1086 1886 1161 1916 urbe
1179 1894 1297 1917 tantam
1314 1886 1495 1916 modestiam
1508 1896 1566 1924 prae
1578 1885 1607 1916 se
1621 1885 1709 1921 tulit,
1728 1893 1763 1916 ut

1088 1933 1246 1964 tamquam
1267 1925 1403 1964 privatus
1419 1926 1452 1956 ὃς
1471 1926 1651 1955 Graecorum
1672 1935 1761 1955 more

1087 1964 1132 1994 ibi
1154 1964 1276 1995 viveret
1295 1989 1303 2000 ‚
1332 1965 1451 1995 musicis
1488 1964 1662 2003 speffmculis
1690 1974 1762 1994 cum

1087 2004 1236 2042 pallio&
1256 2004 1345 2034 soleis
1369 2028 1378 2041 ‚
1411 2003 1560 2043 gymnico
1597 2003 1762 2034 certamini

1087 2054 1157 2073 cum
1188 2043 1338 2082 purpurea
1365 2045 1446 2074 veste
1467 2043 1501 2073 δί
1525 2041 1615 2073 aurea
1642 2042 1762 2073 corona

1086 2082 1250 2113 interelset.
1273 2084 1344 2113 Haec
1356 2083 1418 2113 Dio
1432 2107 1441 2118 ‚
1461 2084 1528 2112 LX.
1543 2092 1610 2120 pag.
1630 2084 1702 2125 6685

1125 2122 1136 2141 ⁸
1159 2124 1359 2153 AGRJPPINAM
1378 2133 1416 2152 ET
1430 2122 1573 2158 Jurmm]
1588 2122 1635 2150 De
1648 2121 1759 2159 qulbus

1086 2161 1202 2191 dierum
1218 2161 1251 2191 in
1265 2162 1489 2200 Supplemento
1504 2159 1672 2190 Annalium
1682 2161 1737 2190 VII
1748 2183 1758 2196 ‚

1087 2211 1134 2239 35.
1155 2201 1237 2238 Dio,
1260 2202 1406 2239 LX-pag.
1431 2203 1502 2239 667.
1519 2198 1656 2229 Reversae
1675 2198 1759 2229 suam

1084 2240 1233 2277 pietatem
1265 2239 1297 2269 in
1324 2239 1435 2270 Caium
1458 2262 1465 2275 ‚
1492 2238 1618 2268 fratrem
1643 2237 1727 2267 suum
1748 2261 1758 2273 ,

1084 2279 1157 2308 licet
1176 2278 1367 2308 immeritum
1386 2302 1395 2315 ‚
1424 2277 1652 2315 fignificavere;
1677 2277 1759 2314 ejus-

1083 2328 1143 2355 que
1163 2317 1293 2347 cadaver
1315 2328 1367 2356 per
1385 2327 1434 2347 eas
1451 2317 1601 2355 sepultum
1617 2339 1625 2352 ,
1642 2326 1675 2346 ut
1694 2317 1758 2355 jam

1083 2356 1217 2388 diximus
1237 2357 1323 2396 supra
1347 2366 1413 2396 pag.
1439 2366 1507 2395 347.
1525 2364 1593 2387 nor.
1606 2366 1636 2386 2.

1425 1611 1491 1641 Hos
1520 1609 1600 1641 inter
1628 1610 1764 1641 honores

1797 781 1847 806 10
