<?xml version="1.0" encoding="UTF-8"?>
<!DOCTYPE html PUBLIC "-//W3C//DTD XHTML 1.0 Transitional//EN"
    "http://www.w3.org/TR/xhtml1/DTD/xhtml1-transitional.dtd">
<html xmlns="http://www.w3.org/1999/xhtml" xml:lang="en" lang="en">
 <head>
  <title>
</title>
<meta http-equiv="Content-Type" content="text/html;charset=utf-8" />
  <meta name='ocr-system' content='tesseract 3.04.00' />
  <meta name='ocr-capabilities' content='ocr_page ocr_carea ocr_par ocr_line ocrx_word'/>
</head>
<body>
  <div class='ocr_page' id='page_1' title='image "./operabro04taciuoft_0446.png"; bbox 0 0 1952 2708; ppageno 0'>
   <div class='ocr_carea' id='block_1_1' title="bbox 388 125 1336 181">
    <p class='ocr_par' dir='ltr' id='par_1_1' title="bbox 388 125 1336 181">
     <span class='ocr_line' id='line_1_1' title="bbox 388 125 1336 181; baseline -0.012 -1"><span class='ocrx_word' id='word_1_1' title='bbox 388 126 521 181; x_wconf 58' lang='lat'><strong>4342*</strong></span> <span class='ocrx_word' id='word_1_2' title='bbox 820 125 1336 170; x_wconf 84' lang='lat' dir='ltr'>APPENDIX</span> 
     </span>
    </p>
   </div>
   <div class='ocr_carea' id='block_1_2' title="bbox 445 223 1556 566">
    <p class='ocr_par' dir='ltr' id='par_1_2' title="bbox 445 223 1556 566">
     <span class='ocr_line' id='line_1_2' title="bbox 624 223 1536 276; baseline 0.005 -17"><span class='ocrx_word' id='word_1_3' title='bbox 624 223 763 260; x_wconf 67' lang='lat' dir='ltr'>ANNUS</span> <span class='ocrx_word' id='word_1_4' title='bbox 788 223 834 260; x_wconf 93' lang='lat' dir='ltr'><strong>U.</strong></span> <span class='ocrx_word' id='word_1_5' title='bbox 849 223 891 260; x_wconf 89' lang='lat' dir='ltr'><strong>C.</strong></span> <span class='ocrx_word' id='word_1_6' title='bbox 916 236 1136 261; x_wconf 83' lang='lat' dir='ltr'><strong>Dccxxxvn.</strong></span> <span class='ocrx_word' id='word_1_7' title='bbox 1184 230 1273 262; x_wconf 81' lang='lat' dir='ltr'><strong>Ante</strong></span> <span class='ocrx_word' id='word_1_8' title='bbox 1286 226 1445 275; x_wconf 75' lang='lat' dir='ltr'><strong>Christum</strong></span> <span class='ocrx_word' id='word_1_9' title='bbox 1477 240 1536 276; x_wconf 82' lang='lat'><strong>¹7·</strong></span> 
     </span>
     <span class='ocr_line' id='line_1_3' title="bbox 445 295 1438 347; baseline 0.003 -15"><span class='ocrx_word' id='word_1_10' title='bbox 445 296 537 333; x_wconf 82' lang='lat' dir='ltr'><strong>Ludi</strong></span> <span class='ocrx_word' id='word_1_11' title='bbox 553 295 736 333; x_wconf 69' lang='lat' dir='ltr'><strong>saeculares</strong></span> <span class='ocrx_word' id='word_1_12' title='bbox 755 296 799 332; x_wconf 88' lang='lat' dir='ltr'><strong>ab</strong></span> <span class='ocrx_word' id='word_1_13' title='bbox 814 297 980 347; x_wconf 84' lang='lat' dir='ltr'><strong>Augusto</strong></span> <span class='ocrx_word' id='word_1_14' title='bbox 995 297 1096 334; x_wconf 85' lang='lat' dir='ltr'><strong>editi.</strong></span> <span class='ocrx_word' id='word_1_15' title='bbox 1121 297 1256 333; x_wconf 86' lang='lat' dir='ltr'><strong>Annal.</strong></span> <span class='ocrx_word' id='word_1_16' title='bbox 1275 298 1348 342; x_wconf 85' lang='lat' dir='ltr'><strong>XI,</strong></span> <span class='ocrx_word' id='word_1_17' title='bbox 1378 311 1393 334; x_wconf 89' lang='lat'>1</span> <span class='ocrx_word' id='word_1_18' title='bbox 1406 312 1438 335; x_wconf 86' lang='lat'><strong>1.</strong></span> 
     </span>
     <span class='ocr_line' id='line_1_4' title="bbox 630 369 1526 418; baseline 0.003 -13"><span class='ocrx_word' id='word_1_19' title='bbox 630 370 766 406; x_wconf 66' lang='lat' dir='ltr'>ANNUS</span> <span class='ocrx_word' id='word_1_20' title='bbox 781 369 830 405; x_wconf 97' lang='lat' dir='ltr'><strong>U.</strong></span> <span class='ocrx_word' id='word_1_21' title='bbox 846 369 889 406; x_wconf 93' lang='lat' dir='ltr'><strong>C.</strong></span> <span class='ocrx_word' id='word_1_22' title='bbox 908 380 1140 406; x_wconf 76' lang='lat' dir='ltr'><strong>Dccxxxvm.</strong></span> <span class='ocrx_word' id='word_1_23' title='bbox 1196 369 1281 406; x_wconf 82' lang='lat' dir='ltr'><em>Ante</em></span> <span class='ocrx_word' id='word_1_24' title='bbox 1295 370 1452 418; x_wconf 79' lang='lat' dir='ltr'><strong>Christum</strong></span> <span class='ocrx_word' id='word_1_25' title='bbox 1467 384 1480 408; x_wconf 89' lang='lat'>1</span> <span class='ocrx_word' id='word_1_26' title='bbox 1491 373 1526 409; x_wconf 86' lang='lat'><strong>6.</strong></span> 
     </span>
     <span class='ocr_line' id='line_1_5' title="bbox 448 432 1556 487; baseline 0.001 -7"><span class='ocrx_word' id='word_1_27' title='bbox 448 442 615 480; x_wconf 78' lang='lat' dir='ltr'><strong>LolJiana</strong></span> <span class='ocrx_word' id='word_1_28' title='bbox 630 442 759 480; x_wconf 81' lang='lat' dir='ltr'><strong>clades.</strong></span> <span class='ocrx_word' id='word_1_29' title='bbox 784 442 920 480; x_wconf 86' lang='lat' dir='ltr'><strong>Annal.</strong></span> <span class='ocrx_word' id='word_1_30' title='bbox 942 443 960 479; x_wconf 96' lang='lat' dir='ltr'>I</span> <span class='ocrx_word' id='word_1_31' title='bbox 975 471 986 487; x_wconf 90' lang='lat'>‚</span> <span class='ocrx_word' id='word_1_32' title='bbox 1013 455 1071 480; x_wconf 87' lang='lat'><strong>10.</strong></span> <span class='ocrx_word' id='word_1_33' title='bbox 1551 432 1556 435; x_wconf 79' lang='lat'><strong>.</strong></span> 
     </span>
     <span class='ocr_line' id='line_1_6' title="bbox 685 517 1499 566; baseline 0.001 -11"><span class='ocrx_word' id='word_1_34' title='bbox 685 519 823 555; x_wconf 64' lang='lat' dir='ltr'>ANNUS</span> <span class='ocrx_word' id='word_1_35' title='bbox 838 518 887 555; x_wconf 91' lang='lat' dir='ltr'><strong>U.</strong></span> <span class='ocrx_word' id='word_1_36' title='bbox 903 518 945 554; x_wconf 88' lang='lat' dir='ltr'><strong>C.</strong></span> <span class='ocrx_word' id='word_1_37' title='bbox 958 529 1125 554; x_wconf 82' lang='lat' dir='ltr'><strong>DCCXLII.</strong></span> <span class='ocrx_word' id='word_1_38' title='bbox 1154 521 1243 553; x_wconf 84' lang='lat' dir='ltr'><em>Ante</em></span> <span class='ocrx_word' id='word_1_39' title='bbox 1261 517 1417 566; x_wconf 73' lang='lat' dir='ltr'><strong>Christum</strong></span> <span class='ocrx_word' id='word_1_40' title='bbox 1441 531 1499 556; x_wconf 81' lang='lat'><strong>12.</strong></span> 
     </span>
    </p>
   </div>
   <div class='ocr_carea' id='block_1_3' title="bbox 387 592 1779 793">
    <p class='ocr_par' dir='ltr' id='par_1_3' title="bbox 450 592 1262 642">
     <span class='ocr_line' id='line_1_7' title="bbox 450 592 1262 642; baseline -0.001 -13"><span class='ocrx_word' id='word_1_41' title='bbox 450 594 501 629; x_wconf 82' lang='lat' dir='ltr'><strong>M.</strong></span> <span class='ocrx_word' id='word_1_42' title='bbox 523 594 688 642; x_wconf 80' lang='lat' dir='ltr'>Agrippa</span> <span class='ocrx_word' id='word_1_43' title='bbox 704 593 779 629; x_wconf 64' lang='lat' dir='ltr'><strong>vitai</strong></span> <span class='ocrx_word' id='word_1_44' title='bbox 801 592 982 629; x_wconf 86' lang='lat' dir='ltr'><strong>conceffit.</strong></span> <span class='ocrx_word' id='word_1_45' title='bbox 1012 592 1148 628; x_wconf 81' lang='lat' dir='ltr'><strong>Annal.</strong></span> <span class='ocrx_word' id='word_1_46' title='bbox 1167 593 1208 637; x_wconf 94' lang='grc' dir='ltr'><strong>Ι,</strong></span> <span class='ocrx_word' id='word_1_47' title='bbox 1228 605 1262 639; x_wconf 93' lang='grc'><strong>3.</strong></span> 
     </span>
    </p>

    <p class='ocr_par' dir='ltr' id='par_1_4' title="bbox 387 642 1779 793">
     <span class='ocr_line' id='line_1_8' title="bbox 444 642 1779 693; baseline 0.001 -14"><span class='ocrx_word' id='word_1_48' title='bbox 444 644 624 693; x_wconf 84' lang='lat' dir='ltr'>Sulpicius</span> <span class='ocrx_word' id='word_1_49' title='bbox 644 643 844 690; x_wconf 80' lang='lat' dir='ltr'>Quirinius,</span> <span class='ocrx_word' id='word_1_50' title='bbox 860 642 1012 692; x_wconf 81' lang='lat' dir='ltr'>impiger</span> <span class='ocrx_word' id='word_1_51' title='bbox 1028 642 1168 679; x_wconf 75' lang='lat' dir='ltr'><strong>militiae</strong></span> <span class='ocrx_word' id='word_1_52' title='bbox 1183 671 1192 686; x_wconf 89' lang='lat'>,</span> <span class='ocrx_word' id='word_1_53' title='bbox 1213 646 1247 680; x_wconf 66' lang='grc' dir='ltr'><strong>ὃς</strong></span> <span class='ocrx_word' id='word_1_54' title='bbox 1262 643 1401 679; x_wconf 83' lang='lat' dir='ltr'><strong>acribus</strong></span> <span class='ocrx_word' id='word_1_55' title='bbox 1412 643 1611 681; x_wconf 84' lang='lat' dir='ltr'><strong>ministeriis</strong></span> <span class='ocrx_word' id='word_1_56' title='bbox 1622 671 1631 688; x_wconf 84' lang='lat'>‚</span> <span class='ocrx_word' id='word_1_57' title='bbox 1647 644 1779 680; x_wconf 87' lang='lat' dir='ltr'><strong>consu-</strong></span> 
     </span>
     <span class='ocr_line' id='line_1_9' title="bbox 390 692 1776 743; baseline 0.002 -15"><span class='ocrx_word' id='word_1_58' title='bbox 390 693 522 737; x_wconf 82' lang='lat' dir='ltr'><strong>latum,</strong></span> <span class='ocrx_word' id='word_1_59' title='bbox 543 707 629 729; x_wconf 84' lang='lat' dir='ltr'><strong>mox</strong></span> <span class='ocrx_word' id='word_1_60' title='bbox 655 693 867 743; x_wconf 83' lang='lat' dir='ltr'><strong>expugnatis</strong></span> <span class='ocrx_word' id='word_1_61' title='bbox 889 705 952 741; x_wconf 90' lang='lat' dir='ltr'><strong>per</strong></span> <span class='ocrx_word' id='word_1_62' title='bbox 969 692 1138 729; x_wconf 84' lang='lat' dir='ltr'><strong>Ciliciam</strong></span> <span class='ocrx_word' id='word_1_63' title='bbox 1154 693 1492 731; x_wconf 80' lang='lat' dir='ltr'><strong>Homonadensium</strong></span> <span class='ocrx_word' id='word_1_64' title='bbox 1507 693 1674 740; x_wconf 85' lang='lat' dir='ltr'><strong>castellis,</strong></span> <span class='ocrx_word' id='word_1_65' title='bbox 1690 694 1776 731; x_wconf 82' lang='lat' dir='ltr'><strong>infi-</strong></span> 
     </span>
     <span class='ocr_line' id='line_1_10' title="bbox 387 743 1177 793; baseline 0.003 -15"><span class='ocrx_word' id='word_1_66' title='bbox 387 743 474 792; x_wconf 84' lang='lat' dir='ltr'><strong>gnia</strong></span> <span class='ocrx_word' id='word_1_67' title='bbox 490 743 661 793; x_wconf 85' lang='lat' dir='ltr'><strong>triumphi</strong></span> <span class='ocrx_word' id='word_1_68' title='bbox 678 744 836 793; x_wconf 82' lang='lat' dir='ltr'><strong>adeptus.</strong></span> <span class='ocrx_word' id='word_1_69' title='bbox 863 743 998 779; x_wconf 87' lang='lat' dir='ltr'><strong>Annal.</strong></span> <span class='ocrx_word' id='word_1_70' title='bbox 1015 743 1094 787; x_wconf 88' lang='lat' dir='ltr'>III,</span> <span class='ocrx_word' id='word_1_71' title='bbox 1113 746 1177 791; x_wconf 70' lang='lat'><strong>48.</strong></span> 
     </span>
    </p>
   </div>
   <div class='ocr_carea' id='block_1_4' title="bbox 443 818 1746 1014">
    <p class='ocr_par' dir='ltr' id='par_1_5' title="bbox 443 818 1746 1014">
     <span class='ocr_line' id='line_1_11' title="bbox 645 818 1513 864; baseline 0.001 -10"><span class='ocrx_word' id='word_1_72' title='bbox 645 819 785 855; x_wconf 78' lang='lat' dir='ltr'>ANNUS</span> <span class='ocrx_word' id='word_1_73' title='bbox 802 820 849 855; x_wconf 94' lang='lat' dir='ltr'><strong>U.</strong></span> <span class='ocrx_word' id='word_1_74' title='bbox 869 818 914 855; x_wconf 93' lang='lat' dir='ltr'><strong>C.</strong></span> <span class='ocrx_word' id='word_1_75' title='bbox 932 830 1114 855; x_wconf 82' lang='lat' dir='ltr'><strong>Dcchm.</strong></span> <span class='ocrx_word' id='word_1_76' title='bbox 1172 822 1260 854; x_wconf 76' lang='lat' dir='ltr'><strong>Ante</strong></span> <span class='ocrx_word' id='word_1_77' title='bbox 1274 818 1432 864; x_wconf 78' lang='lat' dir='ltr'><strong>Christum</strong></span> <span class='ocrx_word' id='word_1_78' title='bbox 1456 831 1469 855; x_wconf 92' lang='lat'>1</span> <span class='ocrx_word' id='word_1_79' title='bbox 1483 831 1513 855; x_wconf 88' lang='lat'><strong>1.</strong></span> 
     </span>
     <span class='ocr_line' id='line_1_12' title="bbox 443 892 1746 944; baseline 0 -13"><span class='ocrx_word' id='word_1_80' title='bbox 443 894 615 931; x_wconf 81' lang='lat' dir='ltr'><strong>Germani</strong></span> <span class='ocrx_word' id='word_1_81' title='bbox 629 906 650 930; x_wconf 90' lang='lat' dir='ltr'><strong>a</strong></span> <span class='ocrx_word' id='word_1_82' title='bbox 664 893 783 930; x_wconf 81' lang='lat' dir='ltr'>Druso</span> <span class='ocrx_word' id='word_1_83' title='bbox 801 894 838 930; x_wconf 87' lang='lat' dir='ltr'><strong>in</strong></span> <span class='ocrx_word' id='word_1_84' title='bbox 853 893 921 930; x_wconf 88' lang='lat' dir='ltr'><strong>suis</strong></span> <span class='ocrx_word' id='word_1_85' title='bbox 934 893 1076 930; x_wconf 81' lang='lat' dir='ltr'><strong>sedibus</strong></span> <span class='ocrx_word' id='word_1_86' title='bbox 1089 893 1251 943; x_wconf 76' lang='lat' dir='ltr'><strong>perculsi.</strong></span> <span class='ocrx_word' id='word_1_87' title='bbox 1271 894 1327 930; x_wconf 92' lang='lat' dir='ltr'><strong>De</strong></span> <span class='ocrx_word' id='word_1_88' title='bbox 1345 892 1441 929; x_wconf 88' lang='lat' dir='ltr'><strong>Mor.</strong></span> <span class='ocrx_word' id='word_1_89' title='bbox 1459 895 1579 930; x_wconf 91' lang='lat' dir='ltr'><strong>Germ.</strong></span> <span class='ocrx_word' id='word_1_90' title='bbox 1595 905 1673 944; x_wconf 86' lang='lat' dir='ltr'><strong>cap.</strong></span> <span class='ocrx_word' id='word_1_91' title='bbox 1685 904 1746 944; x_wconf 79' lang='lat'><strong>37.</strong></span> 
     </span>
     <span class='ocr_line' id='line_1_13' title="bbox 672 965 1477 1014; baseline 0 -12"><span class='ocrx_word' id='word_1_92' title='bbox 672 967 810 1002; x_wconf 75' lang='lat' dir='ltr'>ANNUS</span> <span class='ocrx_word' id='word_1_93' title='bbox 823 966 871 1002; x_wconf 88' lang='lat' dir='ltr'><strong>U.</strong></span> <span class='ocrx_word' id='word_1_94' title='bbox 883 965 926 1001; x_wconf 93' lang='lat' dir='ltr'><strong>C.</strong></span> <span class='ocrx_word' id='word_1_95' title='bbox 944 978 1109 1003; x_wconf 74' lang='lat' dir='ltr'><strong>DCCXLV.</strong></span> <span class='ocrx_word' id='word_1_96' title='bbox 1166 969 1253 1001; x_wconf 84' lang='lat' dir='ltr'><strong>Ante</strong></span> <span class='ocrx_word' id='word_1_97' title='bbox 1267 966 1426 1014; x_wconf 79' lang='lat' dir='ltr'><strong>Christum</strong></span> <span class='ocrx_word' id='word_1_98' title='bbox 1440 979 1477 1014; x_wconf 84' lang='lat'><strong>9.</strong></span> 
     </span>
    </p>
   </div>
   <div class='ocr_carea' id='block_1_5' title="bbox 387 1039 1809 1240">
    <p class='ocr_par' dir='ltr' id='par_1_6' title="bbox 387 1039 1809 1189">
     <span class='ocr_line' id='line_1_14' title="bbox 437 1039 1775 1090; baseline 0.002 -15"><span class='ocrx_word' id='word_1_99' title='bbox 437 1039 574 1076; x_wconf 85' lang='lat' dir='ltr'>Drusus</span> <span class='ocrx_word' id='word_1_100' title='bbox 587 1040 771 1077; x_wconf 66' lang='lat' dir='ltr'><strong>exstinPeus</strong></span> <span class='ocrx_word' id='word_1_101' title='bbox 785 1053 951 1090; x_wconf 81' lang='lat' dir='ltr'><strong>magnam</strong></span> <span class='ocrx_word' id='word_1_102' title='bbox 966 1041 1020 1076; x_wconf 74' lang='lat' dir='ltr'><strong>sui</strong></span> <span class='ocrx_word' id='word_1_103' title='bbox 1038 1041 1133 1089; x_wconf 82' lang='lat' dir='ltr'><strong>apud</strong></span> <span class='ocrx_word' id='word_1_104' title='bbox 1149 1042 1328 1090; x_wconf 88' lang='lat' dir='ltr'><strong>populum</strong></span> <span class='ocrx_word' id='word_1_105' title='bbox 1342 1041 1546 1077; x_wconf 80' lang='lat' dir='ltr'><strong>Romanum</strong></span> <span class='ocrx_word' id='word_1_106' title='bbox 1565 1040 1775 1078; x_wconf 85' lang='lat' dir='ltr'><strong>memoriam</strong></span> 
     </span>
     <span class='ocr_line' id='line_1_15' title="bbox 388 1090 1809 1140; baseline 0 -14"><span class='ocrx_word' id='word_1_107' title='bbox 388 1090 578 1140; x_wconf 77' lang='lat' dir='ltr'><strong>relinquit:</strong></span> <span class='ocrx_word' id='word_1_108' title='bbox 594 1091 803 1127; x_wconf 84' lang='lat' dir='ltr'><strong>credebatur</strong></span> <span class='ocrx_word' id='word_1_109' title='bbox 816 1091 912 1127; x_wconf 88' lang='lat' dir='ltr'><strong>enim</strong></span> <span class='ocrx_word' id='word_1_110' title='bbox 925 1118 935 1135; x_wconf 89' lang='lat'>‚</span> <span class='ocrx_word' id='word_1_111' title='bbox 955 1090 980 1126; x_wconf 80' lang='lat' dir='ltr'><strong>sl</strong></span> <span class='ocrx_word' id='word_1_112' title='bbox 996 1103 1111 1127; x_wconf 87' lang='lat' dir='ltr'><strong>rerum</strong></span> <span class='ocrx_word' id='word_1_113' title='bbox 1125 1094 1263 1140; x_wconf 86' lang='lat' dir='ltr'><strong>potitus</strong></span> <span class='ocrx_word' id='word_1_114' title='bbox 1282 1092 1377 1128; x_wconf 86' lang='lat' dir='ltr'><strong>foret</strong></span> <span class='ocrx_word' id='word_1_115' title='bbox 1390 1119 1401 1136; x_wconf 86' lang='lat'>,</span> <span class='ocrx_word' id='word_1_116' title='bbox 1428 1091 1629 1129; x_wconf 83' lang='lat' dir='ltr'><strong>libertatem</strong></span> <span class='ocrx_word' id='word_1_117' title='bbox 1653 1091 1775 1130; x_wconf 80' lang='lat' dir='ltr'><strong>reddi·</strong></span> <span class='ocrx_word' id='word_1_118' title='bbox 1804 1132 1809 1134; x_wconf 14' lang='grc' dir='ltr'>μ</span> 
     </span>
     <span class='ocr_line' id='line_1_16' title="bbox 387 1140 908 1189; baseline 0.002 -13"><span class='ocrx_word' id='word_1_119' title='bbox 387 1149 495 1176; x_wconf 82' lang='lat' dir='ltr'><strong>turus.</strong></span> <span class='ocrx_word' id='word_1_120' title='bbox 525 1140 658 1177; x_wconf 88' lang='lat' dir='ltr'><strong>Annal.</strong></span> <span class='ocrx_word' id='word_1_121' title='bbox 676 1141 717 1185; x_wconf 91' lang='lat' dir='ltr'><strong>I,</strong></span> <span class='ocrx_word' id='word_1_122' title='bbox 746 1153 762 1188; x_wconf 84' lang='grc'><strong>3</strong></span> <span class='ocrx_word' id='word_1_123' title='bbox 789 1144 822 1177; x_wconf 63' lang='grc' dir='ltr'><strong>ὅτε</strong></span> <span class='ocrx_word' id='word_1_124' title='bbox 844 1153 908 1189; x_wconf 87' lang='grc'><strong>33.</strong></span> 
     </span>
    </p>

    <p class='ocr_par' dir='ltr' id='par_1_7' title="bbox 437 1190 1660 1240">
     <span class='ocr_line' id='line_1_17' title="bbox 437 1190 1660 1240; baseline 0.002 -15"><span class='ocrx_word' id='word_1_125' title='bbox 437 1190 471 1225; x_wconf 87' lang='lat' dir='ltr'><strong>Is</strong></span> <span class='ocrx_word' id='word_1_126' title='bbox 485 1202 649 1240; x_wconf 83' lang='lat' dir='ltr'><strong>aggerem</strong></span> <span class='ocrx_word' id='word_1_127' title='bbox 665 1191 872 1229; x_wconf 89' lang='lat' dir='ltr'><strong>coercendo</strong></span> <span class='ocrx_word' id='word_1_128' title='bbox 888 1191 1017 1229; x_wconf 84' lang='lat' dir='ltr'><strong>Rheno</strong></span> <span class='ocrx_word' id='word_1_129' title='bbox 1037 1192 1285 1229; x_wconf 82' lang='lat' dir='ltr'><strong>inchoaverat.</strong></span> <span class='ocrx_word' id='word_1_130' title='bbox 1307 1190 1442 1227; x_wconf 82' lang='lat' dir='ltr'><strong>Annal.</strong></span> <span class='ocrx_word' id='word_1_131' title='bbox 1464 1190 1575 1232; x_wconf 92' lang='lat' dir='ltr'>XIII,</span> <span class='ocrx_word' id='word_1_132' title='bbox 1597 1200 1660 1240; x_wconf 78' lang='lat'><strong>53.</strong></span> 
     </span>
    </p>
   </div>
   <div class='ocr_carea' id='block_1_6' title="bbox 672 1268 1479 1316">
    <p class='ocr_par' dir='ltr' id='par_1_8' title="bbox 672 1268 1479 1316">
     <span class='ocr_line' id='line_1_18' title="bbox 672 1268 1479 1316; baseline 0 -12"><span class='ocrx_word' id='word_1_133' title='bbox 672 1269 812 1305; x_wconf 83' lang='lat' dir='ltr'><strong>ANNUS</strong></span> <span class='ocrx_word' id='word_1_134' title='bbox 826 1268 873 1306; x_wconf 91' lang='lat' dir='ltr'><strong>U.</strong></span> <span class='ocrx_word' id='word_1_135' title='bbox 891 1269 933 1305; x_wconf 93' lang='lat' dir='ltr'><strong>C.</strong></span> <span class='ocrx_word' id='word_1_136' title='bbox 950 1281 1133 1305; x_wconf 79' lang='lat' dir='ltr'><strong>Dochvr.</strong></span> <span class='ocrx_word' id='word_1_137' title='bbox 1164 1273 1253 1305; x_wconf 82' lang='lat' dir='ltr'><strong>Ante</strong></span> <span class='ocrx_word' id='word_1_138' title='bbox 1268 1268 1428 1316; x_wconf 81' lang='lat' dir='ltr'><strong>Christum</strong></span> <span class='ocrx_word' id='word_1_139' title='bbox 1443 1269 1479 1304; x_wconf 87' lang='lat'><strong>8.</strong></span> 
     </span>
    </p>
   </div>
   <div class='ocr_carea' id='block_1_7' title="bbox 383 1340 1771 1644">
    <p class='ocr_par' dir='ltr' id='par_1_9' title="bbox 434 1340 1548 1393">
     <span class='ocr_line' id='line_1_19' title="bbox 434 1340 1548 1393; baseline 0.002 -18"><span class='ocrx_word' id='word_1_140' title='bbox 434 1340 638 1376; x_wconf 90' lang='lat' dir='ltr'><strong>Pomerium</strong></span> <span class='ocrx_word' id='word_1_141' title='bbox 653 1343 761 1378; x_wconf 88' lang='lat' dir='ltr'><strong>Urbis</strong></span> <span class='ocrx_word' id='word_1_142' title='bbox 779 1343 822 1378; x_wconf 90' lang='lat' dir='ltr'><strong>ab</strong></span> <span class='ocrx_word' id='word_1_143' title='bbox 840 1343 1006 1393; x_wconf 78' lang='lat' dir='ltr'><strong>Augusto</strong></span> <span class='ocrx_word' id='word_1_144' title='bbox 1027 1346 1176 1379; x_wconf 58' lang='lat' dir='ltr'><strong>aucium.</strong></span> <span class='ocrx_word' id='word_1_145' title='bbox 1200 1343 1332 1378; x_wconf 85' lang='lat' dir='ltr'><strong>Annal.</strong></span> <span class='ocrx_word' id='word_1_146' title='bbox 1357 1342 1429 1378; x_wconf 88' lang='lat' dir='ltr'><strong>XII</strong></span> <span class='ocrx_word' id='word_1_147' title='bbox 1445 1369 1454 1385; x_wconf 94' lang='lat'><strong><em>‚</em></strong></span> <span class='ocrx_word' id='word_1_148' title='bbox 1486 1353 1548 1388; x_wconf 78' lang='lat'><strong>23.</strong></span> 
     </span>
    </p>

    <p class='ocr_par' dir='ltr' id='par_1_10' title="bbox 384 1390 1770 1492">
     <span class='ocr_line' id='line_1_20' title="bbox 437 1390 1770 1443; baseline 0.003 -19"><span class='ocrx_word' id='word_1_149' title='bbox 437 1390 608 1426; x_wconf 80' lang='lat' dir='ltr'><strong>Germani</strong></span> <span class='ocrx_word' id='word_1_150' title='bbox 637 1404 657 1426; x_wconf 83' lang='lat' dir='ltr'><strong>a</strong></span> <span class='ocrx_word' id='word_1_151' title='bbox 685 1393 838 1429; x_wconf 86' lang='lat' dir='ltr'><strong>Tiberio</strong></span> <span class='ocrx_word' id='word_1_152' title='bbox 865 1394 902 1429; x_wconf 89' lang='lat' dir='ltr'><strong>in</strong></span> <span class='ocrx_word' id='word_1_153' title='bbox 924 1393 993 1429; x_wconf 84' lang='lat' dir='ltr'><strong>suis</strong></span> <span class='ocrx_word' id='word_1_154' title='bbox 1019 1393 1161 1429; x_wconf 80' lang='lat' dir='ltr'><strong>sedibus</strong></span> <span class='ocrx_word' id='word_1_155' title='bbox 1184 1392 1358 1443; x_wconf 81' lang='lat' dir='ltr'><strong>perculsi,</strong></span> <span class='ocrx_word' id='word_1_156' title='bbox 1378 1405 1419 1428; x_wconf 83' lang='lat' dir='ltr'><strong>ac</strong></span> <span class='ocrx_word' id='word_1_157' title='bbox 1440 1391 1532 1441; x_wconf 72' lang='lat' dir='ltr'><strong>saepe</strong></span> <span class='ocrx_word' id='word_1_158' title='bbox 1548 1390 1672 1440; x_wconf 88' lang='lat' dir='ltr'><strong>postea</strong></span> <span class='ocrx_word' id='word_1_159' title='bbox 1696 1391 1770 1428; x_wconf 82' lang='lat' dir='ltr'><strong>fufi.</strong></span> 
     </span>
     <span class='ocr_line' id='line_1_21' title="bbox 384 1440 880 1492; baseline 0.01 -17"><span class='ocrx_word' id='word_1_160' title='bbox 384 1440 442 1476; x_wconf 88' lang='lat' dir='ltr'><strong>De</strong></span> <span class='ocrx_word' id='word_1_161' title='bbox 461 1440 557 1476; x_wconf 85' lang='lat' dir='ltr'><strong>Mor.</strong></span> <span class='ocrx_word' id='word_1_162' title='bbox 574 1441 697 1479; x_wconf 86' lang='lat' dir='ltr'><strong>Germ.</strong></span> <span class='ocrx_word' id='word_1_163' title='bbox 720 1456 799 1492; x_wconf 88' lang='lat' dir='ltr'><strong>cap.</strong></span> <span class='ocrx_word' id='word_1_164' title='bbox 820 1456 880 1491; x_wconf 89' lang='grc'><strong>37.</strong></span> 
     </span>
    </p>

    <p class='ocr_par' dir='ltr' id='par_1_11' title="bbox 383 1489 1771 1644">
     <span class='ocr_line' id='line_1_22' title="bbox 437 1489 1771 1542; baseline 0 -17"><span class='ocrx_word' id='word_1_165' title='bbox 437 1490 640 1535; x_wconf 62' lang='lat' dir='ltr'><strong>Maeoem,</strong></span> <span class='ocrx_word' id='word_1_166' title='bbox 664 1493 816 1542; x_wconf 87' lang='lat' dir='ltr'><strong>Augusti</strong></span> <span class='ocrx_word' id='word_1_167' title='bbox 832 1493 990 1530; x_wconf 62' lang='lat' dir='ltr'><strong>amicitia</strong></span> <span class='ocrx_word' id='word_1_168' title='bbox 1005 1494 1206 1542; x_wconf 75' lang='lat' dir='ltr'><strong>praecipuus</strong></span> <span class='ocrx_word' id='word_1_169' title='bbox 1225 1521 1234 1536; x_wconf 87' lang='lat'>,</span> <span class='ocrx_word' id='word_1_170' title='bbox 1264 1492 1427 1529; x_wconf 84' lang='lat' dir='ltr'><strong>moritur.</strong></span> <span class='ocrx_word' id='word_1_171' title='bbox 1455 1489 1627 1527; x_wconf 60' lang='lat' dir='ltr'><strong>Proveaa</strong></span> <span class='ocrx_word' id='word_1_172' title='bbox 1651 1500 1771 1526; x_wconf 85' lang='lat' dir='ltr'><strong>tamen</strong></span> 
     </span>
     <span class='ocr_line' id='line_1_23' title="bbox 383 1539 1771 1593; baseline 0.001 -17"><span class='ocrx_word' id='word_1_173' title='bbox 383 1550 488 1576; x_wconf 80' lang='lat' dir='ltr'><strong>oetate</strong></span> <span class='ocrx_word' id='word_1_174' title='bbox 511 1541 666 1589; x_wconf 87' lang='lat' dir='ltr'><strong>speciem</strong></span> <span class='ocrx_word' id='word_1_175' title='bbox 698 1544 810 1593; x_wconf 86' lang='lat' dir='ltr'><strong>magis</strong></span> <span class='ocrx_word' id='word_1_176' title='bbox 842 1544 879 1579; x_wconf 89' lang='lat' dir='ltr'><strong>in</strong></span> <span class='ocrx_word' id='word_1_177' title='bbox 911 1543 1071 1580; x_wconf 70' lang='lat' dir='ltr'><strong>amicitia</strong></span> <span class='ocrx_word' id='word_1_178' title='bbox 1096 1543 1293 1592; x_wconf 87' lang='lat' dir='ltr'><strong>Principis,</strong></span> <span class='ocrx_word' id='word_1_179' title='bbox 1321 1542 1427 1592; x_wconf 74' lang='lat' dir='ltr'><strong>quam</strong></span> <span class='ocrx_word' id='word_1_180' title='bbox 1444 1541 1519 1579; x_wconf 87' lang='lat' dir='ltr'><strong>vim</strong></span> <span class='ocrx_word' id='word_1_181' title='bbox 1533 1539 1673 1586; x_wconf 79' lang='lat' dir='ltr'><strong>tenuit,</strong></span> <span class='ocrx_word' id='word_1_182' title='bbox 1692 1540 1771 1577; x_wconf 87' lang='lat' dir='ltr'><strong>fato</strong></span> 
     </span>
     <span class='ocr_line' id='line_1_24' title="bbox 383 1591 1222 1644; baseline 0.008 -19"><span class='ocrx_word' id='word_1_183' title='bbox 383 1591 556 1638; x_wconf 73' lang='lat' dir='ltr'><strong>potentiae</strong></span> <span class='ocrx_word' id='word_1_184' title='bbox 571 1593 649 1628; x_wconf 77' lang='lat' dir='ltr'><strong>raro</strong></span> <span class='ocrx_word' id='word_1_185' title='bbox 660 1592 896 1643; x_wconf 69' lang='lat' dir='ltr'><strong>sempiternae.</strong></span> <span class='ocrx_word' id='word_1_186' title='bbox 910 1594 1042 1630; x_wconf 82' lang='lat' dir='ltr'><strong>Annal.</strong></span> <span class='ocrx_word' id='word_1_187' title='bbox 1057 1595 1113 1630; x_wconf 90' lang='lat' dir='ltr'><strong>III</strong></span> <span class='ocrx_word' id='word_1_188' title='bbox 1128 1622 1139 1638; x_wconf 86' lang='lat'>‚</span> <span class='ocrx_word' id='word_1_189' title='bbox 1162 1606 1222 1644; x_wconf 80' lang='lat'><strong>30.</strong></span> 
     </span>
    </p>
   </div>
   <div class='ocr_carea' id='block_1_8' title="bbox 669 1668 1478 1716">
    <p class='ocr_par' dir='ltr' id='par_1_12' title="bbox 669 1668 1478 1716">
     <span class='ocr_line' id='line_1_25' title="bbox 669 1668 1478 1716; baseline 0 -13"><span class='ocrx_word' id='word_1_190' title='bbox 669 1669 804 1706; x_wconf 78' lang='lat' dir='ltr'>ANNUS</span> <span class='ocrx_word' id='word_1_191' title='bbox 817 1671 864 1707; x_wconf 94' lang='lat' dir='ltr'><strong>U.</strong></span> <span class='ocrx_word' id='word_1_192' title='bbox 877 1671 920 1706; x_wconf 90' lang='lat' dir='ltr'><strong>C.</strong></span> <span class='ocrx_word' id='word_1_193' title='bbox 939 1682 1133 1707; x_wconf 77' lang='lat' dir='ltr'><strong>Dcchvn.</strong></span> <span class='ocrx_word' id='word_1_194' title='bbox 1168 1670 1254 1705; x_wconf 83' lang='lat' dir='ltr'><strong>Ante</strong></span> <span class='ocrx_word' id='word_1_195' title='bbox 1266 1668 1424 1716; x_wconf 83' lang='lat' dir='ltr'><strong>Christum</strong></span> <span class='ocrx_word' id='word_1_196' title='bbox 1441 1680 1478 1715; x_wconf 92' lang='lat'><strong>7.</strong></span> 
     </span>
    </p>
   </div>
   <div class='ocr_carea' id='block_1_9' title="bbox 382 1740 1769 1990">
    <p class='ocr_par' dir='ltr' id='par_1_13' title="bbox 433 1740 1603 1793">
     <span class='ocr_line' id='line_1_26' title="bbox 433 1740 1603 1793; baseline 0 -17"><span class='ocrx_word' id='word_1_197' title='bbox 433 1740 574 1777; x_wconf 86' lang='lat' dir='ltr'><strong>Tiberii</strong></span> <span class='ocrx_word' id='word_1_198' title='bbox 596 1742 640 1779; x_wconf 92' lang='lat' dir='ltr'><strong>de</strong></span> <span class='ocrx_word' id='word_1_199' title='bbox 655 1742 843 1779; x_wconf 85' lang='lat' dir='ltr'><strong>Germanis</strong></span> <span class='ocrx_word' id='word_1_200' title='bbox 860 1743 1072 1793; x_wconf 88' lang='lat' dir='ltr'><strong>triumphus.</strong></span> <span class='ocrx_word' id='word_1_201' title='bbox 1093 1743 1228 1781; x_wconf 87' lang='lat' dir='ltr'><strong>Annal.</strong></span> <span class='ocrx_word' id='word_1_202' title='bbox 1246 1744 1281 1786; x_wconf 88' lang='lat'><strong>1,</strong></span> <span class='ocrx_word' id='word_1_203' title='bbox 1301 1758 1326 1792; x_wconf 67' lang='lat'>4</span> <span class='ocrx_word' id='word_1_204' title='bbox 1339 1745 1373 1780; x_wconf 76' lang='grc' dir='ltr'><strong>δε</strong></span> <span class='ocrx_word' id='word_1_205' title='bbox 1394 1742 1501 1792; x_wconf 61' lang='lat'><em>3411</em></span> <span class='ocrx_word' id='word_1_206' title='bbox 1513 1768 1522 1784; x_wconf 89' lang='lat'>‚</span> <span class='ocrx_word' id='word_1_207' title='bbox 1541 1740 1603 1777; x_wconf 86' lang='lat'><strong>26.</strong></span> 
     </span>
    </p>

    <p class='ocr_par' dir='ltr' id='par_1_14' title="bbox 382 1789 1769 1990">
     <span class='ocr_line' id='line_1_27' title="bbox 430 1789 1769 1843; baseline -0.001 -17"><span class='ocrx_word' id='word_1_208' title='bbox 430 1789 523 1827; x_wconf 88' lang='lat' dir='ltr'><strong>Cum</strong></span> <span class='ocrx_word' id='word_1_209' title='bbox 538 1793 723 1829; x_wconf 82' lang='lat' dir='ltr'><strong>Germanis</strong></span> <span class='ocrx_word' id='word_1_210' title='bbox 736 1794 904 1831; x_wconf 90' lang='lat' dir='ltr'><strong>Tiberius</strong></span> <span class='ocrx_word' id='word_1_211' title='bbox 918 1822 928 1838; x_wconf 94' lang='lat'>‚</span> <span class='ocrx_word' id='word_1_212' title='bbox 948 1795 1181 1831; x_wconf 86' lang='lat' dir='ltr'><strong>Germanicus</strong></span> <span class='ocrx_word' id='word_1_213' title='bbox 1203 1822 1213 1837; x_wconf 86' lang='lat'>‚</span> <span class='ocrx_word' id='word_1_214' title='bbox 1243 1793 1377 1843; x_wconf 86' lang='lat' dir='ltr'><strong>aliique</strong></span> <span class='ocrx_word' id='word_1_215' title='bbox 1401 1793 1506 1829; x_wconf 88' lang='lat' dir='ltr'><strong>duces</strong></span> <span class='ocrx_word' id='word_1_216' title='bbox 1530 1789 1666 1826; x_wconf 88' lang='lat' dir='ltr'><strong>rursum</strong></span> <span class='ocrx_word' id='word_1_217' title='bbox 1687 1789 1769 1827; x_wconf 88' lang='lat' dir='ltr'><strong>bel-</strong></span> 
     </span>
     <span class='ocr_line' id='line_1_28' title="bbox 382 1839 1769 1892; baseline 0.001 -17"><span class='ocrx_word' id='word_1_218' title='bbox 382 1840 501 1878; x_wconf 79' lang='lat' dir='ltr'><strong>lavere</strong></span> <span class='ocrx_word' id='word_1_219' title='bbox 530 1855 540 1878; x_wconf 86' lang='lat'>:</span> <span class='ocrx_word' id='word_1_220' title='bbox 568 1842 751 1892; x_wconf 79' lang='lat' dir='ltr'><strong>multaque</strong></span> <span class='ocrx_word' id='word_1_221' title='bbox 779 1844 938 1882; x_wconf 89' lang='lat' dir='ltr'><strong>invicem</strong></span> <span class='ocrx_word' id='word_1_222' title='bbox 965 1844 1105 1880; x_wconf 85' lang='lat' dir='ltr'><strong>damna.</strong></span> <span class='ocrx_word' id='word_1_223' title='bbox 1139 1846 1227 1881; x_wconf 91' lang='lat' dir='ltr'><strong>Non</strong></span> <span class='ocrx_word' id='word_1_224' title='bbox 1256 1844 1413 1884; x_wconf 85' lang='lat' dir='ltr'><strong>Samnis,</strong></span> <span class='ocrx_word' id='word_1_225' title='bbox 1430 1855 1507 1878; x_wconf 91' lang='lat' dir='ltr'><strong>non</strong></span> <span class='ocrx_word' id='word_1_226' title='bbox 1531 1839 1662 1883; x_wconf 85' lang='lat' dir='ltr'><strong>Poeni,</strong></span> <span class='ocrx_word' id='word_1_227' title='bbox 1692 1852 1769 1877; x_wconf 88' lang='lat' dir='ltr'><strong>non</strong></span> 
     </span>
     <span class='ocr_line' id='line_1_29' title="bbox 382 1889 1768 1944; baseline 0.001 -19"><span class='ocrx_word' id='word_1_228' title='bbox 382 1889 589 1939; x_wconf 78' lang='lat' dir='ltr'><strong>Hispaniae,</strong></span> <span class='ocrx_word' id='word_1_229' title='bbox 617 1893 792 1931; x_wconf 76' lang='lat' dir='ltr'><strong>Galliaeve</strong></span> <span class='ocrx_word' id='word_1_230' title='bbox 813 1922 824 1939; x_wconf 87' lang='lat'>,</span> <span class='ocrx_word' id='word_1_231' title='bbox 855 1907 901 1931; x_wconf 92' lang='lat' dir='ltr'><strong>ne</strong></span> <span class='ocrx_word' id='word_1_232' title='bbox 924 1894 1044 1931; x_wconf 88' lang='lat' dir='ltr'><strong>Parthi</strong></span> <span class='ocrx_word' id='word_1_233' title='bbox 1065 1895 1210 1944; x_wconf 88' lang='lat' dir='ltr'><strong>quidem</strong></span> <span class='ocrx_word' id='word_1_234' title='bbox 1229 1894 1355 1943; x_wconf 78' lang='lat' dir='ltr'><strong>saepius</strong></span> <span class='ocrx_word' id='word_1_235' title='bbox 1378 1893 1597 1929; x_wconf 84' lang='lat' dir='ltr'><strong>admonuere</strong></span> <span class='ocrx_word' id='word_1_236' title='bbox 1611 1903 1619 1926; x_wconf 76' lang='grc' dir='ltr'>ε</span> <span class='ocrx_word' id='word_1_237' title='bbox 1633 1889 1768 1939; x_wconf 86' lang='lat' dir='ltr'><strong>quippe</strong></span> 
     </span>
     <span class='ocr_line' id='line_1_30' title="bbox 382 1942 1764 1990; baseline 0.001 -15"><span class='ocrx_word' id='word_1_238' title='bbox 382 1952 493 1990; x_wconf 83' lang='lat' dir='ltr'><strong>regno</strong></span> <span class='ocrx_word' id='word_1_239' title='bbox 511 1942 651 1980; x_wconf 79' lang='lat' dir='ltr'><strong>Arsacis</strong></span> <span class='ocrx_word' id='word_1_240' title='bbox 666 1944 785 1981; x_wconf 85' lang='lat' dir='ltr'><strong>acrior</strong></span> <span class='ocrx_word' id='word_1_241' title='bbox 801 1945 849 1982; x_wconf 91' lang='lat' dir='ltr'><strong>est</strong></span> <span class='ocrx_word' id='word_1_242' title='bbox 859 1946 1123 1982; x_wconf 86' lang='lat' dir='ltr'><strong>Germanorum</strong></span> <span class='ocrx_word' id='word_1_243' title='bbox 1134 1945 1291 1982; x_wconf 84' lang='lat' dir='ltr'><strong>libertas.</strong></span> <span class='ocrx_word' id='word_1_244' title='bbox 1302 1944 1361 1981; x_wconf 91' lang='lat' dir='ltr'><strong>De</strong></span> <span class='ocrx_word' id='word_1_245' title='bbox 1371 1944 1466 1980; x_wconf 88' lang='lat' dir='ltr'><strong>Mor.</strong></span> <span class='ocrx_word' id='word_1_246' title='bbox 1483 1944 1604 1979; x_wconf 88' lang='lat' dir='ltr'><strong>Germ.</strong></span> <span class='ocrx_word' id='word_1_247' title='bbox 1618 1951 1764 1990; x_wconf 77' lang='lat' dir='ltr'><strong>cap.37.</strong></span> 
     </span>
    </p>
   </div>
   <div class='ocr_carea' id='block_1_10' title="bbox 665 2018 1498 2067">
    <p class='ocr_par' dir='ltr' id='par_1_15' title="bbox 665 2018 1498 2067">
     <span class='ocr_line' id='line_1_31' title="bbox 665 2018 1498 2067; baseline -0.002 -12"><span class='ocrx_word' id='word_1_248' title='bbox 665 2020 805 2056; x_wconf 80' lang='lat' dir='ltr'><strong>ANNUS</strong></span> <span class='ocrx_word' id='word_1_249' title='bbox 821 2021 868 2057; x_wconf 93' lang='lat' dir='ltr'><strong>U.</strong></span> <span class='ocrx_word' id='word_1_250' title='bbox 883 2020 926 2058; x_wconf 94' lang='lat' dir='ltr'><strong>C.</strong></span> <span class='ocrx_word' id='word_1_251' title='bbox 942 2032 1151 2058; x_wconf 83' lang='lat' dir='ltr'><strong>Dcchvm.</strong></span> <span class='ocrx_word' id='word_1_252' title='bbox 1189 2021 1274 2056; x_wconf 85' lang='lat' dir='ltr'><strong>Ante</strong></span> <span class='ocrx_word' id='word_1_253' title='bbox 1288 2019 1445 2067; x_wconf 79' lang='lat' dir='ltr'><strong>Christum</strong></span> <span class='ocrx_word' id='word_1_254' title='bbox 1463 2018 1498 2054; x_wconf 92' lang='lat'><strong>6.</strong></span> 
     </span>
    </p>
   </div>
   <div class='ocr_carea' id='block_1_11' title="bbox 377 2080 1763 2286">
    <p class='ocr_par' dir='ltr' id='par_1_16' title="bbox 381 2080 1762 2185">
     <span class='ocr_line' id='line_1_32' title="bbox 434 2080 1762 2135; baseline -0.001 -16"><span class='ocrx_word' id='word_1_255' title='bbox 434 2083 526 2120; x_wconf 81' lang='lat' dir='ltr'><strong>Jussu</strong></span> <span class='ocrx_word' id='word_1_256' title='bbox 548 2085 702 2135; x_wconf 86' lang='lat' dir='ltr'><strong>Augusti</strong></span> <span class='ocrx_word' id='word_1_257' title='bbox 726 2084 906 2122; x_wconf 87' lang='lat' dir='ltr'><strong>Armeniis</strong></span> <span class='ocrx_word' id='word_1_258' title='bbox 936 2083 1120 2133; x_wconf 79' lang='lat' dir='ltr'><strong>impofitus</strong></span> <span class='ocrx_word' id='word_1_259' title='bbox 1149 2095 1209 2120; x_wconf 85' lang='lat' dir='ltr'><strong>rex</strong></span> <span class='ocrx_word' id='word_1_260' title='bbox 1234 2080 1449 2119; x_wconf 85' lang='lat' dir='ltr'><strong>Artavasdes</strong></span> <span class='ocrx_word' id='word_1_261' title='bbox 1462 2094 1474 2125; x_wconf 83' lang='lat'>3</span> <span class='ocrx_word' id='word_1_262' title='bbox 1500 2081 1580 2132; x_wconf 76' lang='lat' dir='ltr'><strong>post</strong></span> <span class='ocrx_word' id='word_1_263' title='bbox 1596 2094 1672 2118; x_wconf 90' lang='lat' dir='ltr'><strong>non</strong></span> <span class='ocrx_word' id='word_1_264' title='bbox 1691 2081 1762 2118; x_wconf 89' lang='lat' dir='ltr'><strong>fine</strong></span> 
     </span>
     <span class='ocr_line' id='line_1_33' title="bbox 381 2133 1125 2185; baseline 0.001 -17"><span class='ocrx_word' id='word_1_265' title='bbox 381 2133 482 2170; x_wconf 79' lang='lat' dir='ltr'><strong>clade</strong></span> <span class='ocrx_word' id='word_1_266' title='bbox 496 2134 659 2172; x_wconf 67' lang='lat' dir='ltr'><strong>Romana</strong></span> <span class='ocrx_word' id='word_1_267' title='bbox 677 2136 838 2185; x_wconf 62' lang='lat' dir='ltr'><strong>dejectus.</strong></span> <span class='ocrx_word' id='word_1_268' title='bbox 859 2134 993 2171; x_wconf 85' lang='lat' dir='ltr'><strong>Annal.</strong></span> <span class='ocrx_word' id='word_1_269' title='bbox 1009 2135 1047 2170; x_wconf 93' lang='lat' dir='ltr'><strong>II</strong></span> <span class='ocrx_word' id='word_1_270' title='bbox 1063 2162 1072 2178; x_wconf 88' lang='lat'>‚</span> <span class='ocrx_word' id='word_1_271' title='bbox 1092 2147 1125 2183; x_wconf 79' lang='grc'><strong>3.</strong></span> 
     </span>
    </p>

    <p class='ocr_par' dir='ltr' id='par_1_17' title="bbox 377 2180 1763 2286">
     <span class='ocr_line' id='line_1_34' title="bbox 429 2180 1763 2235; baseline 0.001 -17"><span class='ocrx_word' id='word_1_272' title='bbox 429 2183 610 2221; x_wconf 65' lang='grc' dir='ltr'><strong>Βεξιιηᾶο</strong></span> <span class='ocrx_word' id='word_1_273' title='bbox 626 2187 810 2235; x_wconf 64' lang='lat' dir='ltr'><strong>Agrippa,</strong></span> <span class='ocrx_word' id='word_1_274' title='bbox 830 2184 1005 2235; x_wconf 88' lang='lat' dir='ltr'><strong>Augustus</strong></span> <span class='ocrx_word' id='word_1_275' title='bbox 1033 2184 1223 2221; x_wconf 85' lang='lat' dir='ltr'><strong>Tiberium</strong></span> <span class='ocrx_word' id='word_1_276' title='bbox 1237 2182 1423 2220; x_wconf 84' lang='lat' dir='ltr'><strong>Neronem</strong></span> <span class='ocrx_word' id='word_1_277' title='bbox 1445 2181 1628 2232; x_wconf 85' lang='lat' dir='ltr'><strong>potestatis</strong></span> <span class='ocrx_word' id='word_1_278' title='bbox 1646 2180 1763 2219; x_wconf 87' lang='lat' dir='ltr'><strong>tribu-.</strong></span> 
     </span>
     <span class='ocr_line' id='line_1_35' title="bbox 377 2232 1696 2286; baseline -0.002 -16"><span class='ocrx_word' id='word_1_279' title='bbox 377 2233 482 2271; x_wconf 66' lang='lat' dir='ltr'><strong>niciae</strong></span> <span class='ocrx_word' id='word_1_280' title='bbox 496 2234 631 2270; x_wconf 86' lang='lat' dir='ltr'><strong>socium</strong></span> <span class='ocrx_word' id='word_1_281' title='bbox 648 2236 797 2286; x_wconf 83' lang='lat' dir='ltr'><strong>delegit,</strong></span> <span class='ocrx_word' id='word_1_282' title='bbox 812 2248 858 2272; x_wconf 82' lang='lat' dir='ltr'><strong>ne</strong></span> <span class='ocrx_word' id='word_1_283' title='bbox 875 2234 1050 2272; x_wconf 74' lang='lat' dir='ltr'><strong>successor</strong></span> <span class='ocrx_word' id='word_1_284' title='bbox 1062 2235 1100 2272; x_wconf 88' lang='lat' dir='ltr'><strong>in</strong></span> <span class='ocrx_word' id='word_1_285' title='bbox 1115 2235 1254 2272; x_wconf 87' lang='lat' dir='ltr'><strong>incerto</strong></span> <span class='ocrx_word' id='word_1_286' title='bbox 1272 2233 1377 2269; x_wconf 85' lang='lat' dir='ltr'><strong>foret.</strong></span> <span class='ocrx_word' id='word_1_287' title='bbox 1393 2233 1526 2268; x_wconf 85' lang='lat' dir='ltr'><strong>Annal.</strong></span> <span class='ocrx_word' id='word_1_288' title='bbox 1539 2232 1596 2267; x_wconf 91' lang='lat' dir='ltr'><strong>III</strong></span> <span class='ocrx_word' id='word_1_289' title='bbox 1605 2259 1617 2276; x_wconf 87' lang='grc'>,</span> <span class='ocrx_word' id='word_1_290' title='bbox 1631 2234 1696 2279; x_wconf 84' lang='lat'><strong>56.</strong></span> 
     </span>
    </p>
   </div>
   <div class='ocr_carea' id='block_1_12' title="bbox 424 2308 1760 2437">
    <p class='ocr_par' dir='ltr' id='par_1_18' title="bbox 424 2308 1760 2437">
     <span class='ocr_line' id='line_1_36' title="bbox 654 2308 1482 2357; baseline -0.005 -11"><span class='ocrx_word' id='word_1_291' title='bbox 654 2311 792 2348; x_wconf 79' lang='lat' dir='ltr'>ANNUS</span> <span class='ocrx_word' id='word_1_292' title='bbox 807 2313 856 2348; x_wconf 91' lang='lat' dir='ltr'><strong>U.</strong></span> <span class='ocrx_word' id='word_1_293' title='bbox 870 2313 912 2349; x_wconf 94' lang='lat' dir='ltr'><strong>C.</strong></span> <span class='ocrx_word' id='word_1_294' title='bbox 928 2324 1108 2349; x_wconf 80' lang='lat' dir='ltr'><strong>DCCXLIX.</strong></span> <span class='ocrx_word' id='word_1_295' title='bbox 1158 2313 1244 2346; x_wconf 85' lang='lat' dir='ltr'><strong>Ante</strong></span> <span class='ocrx_word' id='word_1_296' title='bbox 1266 2308 1424 2357; x_wconf 83' lang='lat' dir='ltr'><strong>Christum</strong></span> <span class='ocrx_word' id='word_1_297' title='bbox 1448 2319 1482 2357; x_wconf 72' lang='grc' dir='ltr'><strong>ς.</strong></span> 
     </span>
     <span class='ocr_line' id='line_1_37' title="bbox 424 2380 1760 2437; baseline 0 -18"><span class='ocrx_word' id='word_1_298' title='bbox 424 2383 588 2424; x_wconf 80' lang='lat' dir='ltr'><strong>Tiberius</strong></span> <span class='ocrx_word' id='word_1_299' title='bbox 605 2411 616 2431; x_wconf 86' lang='lat'>‚</span> <span class='ocrx_word' id='word_1_300' title='bbox 647 2385 691 2422; x_wconf 83' lang='lat' dir='ltr'><strong>ab</strong></span> <span class='ocrx_word' id='word_1_301' title='bbox 709 2398 822 2424; x_wconf 84' lang='lat' dir='ltr'><strong>uxore</strong></span> <span class='ocrx_word' id='word_1_302' title='bbox 840 2386 901 2424; x_wconf 71' lang='lat' dir='ltr'><strong>sua</strong></span> <span class='ocrx_word' id='word_1_303' title='bbox 915 2386 1009 2425; x_wconf 65' lang='lat' dir='ltr'><strong>Julia</strong></span> <span class='ocrx_word' id='word_1_304' title='bbox 1032 2386 1167 2437; x_wconf 79' lang='lat' dir='ltr'><strong>spretus</strong></span> <span class='ocrx_word' id='word_1_305' title='bbox 1185 2410 1196 2430; x_wconf 90' lang='lat'>,</span> <span class='ocrx_word' id='word_1_306' title='bbox 1222 2382 1395 2421; x_wconf 85' lang='lat' dir='ltr'><strong>Rhodum</strong></span> <span class='ocrx_word' id='word_1_307' title='bbox 1415 2381 1576 2420; x_wconf 83' lang='lat' dir='ltr'><strong>abscedit</strong></span> <span class='ocrx_word' id='word_1_308' title='bbox 1594 2392 1607 2426; x_wconf 82' lang='lat'>3</span> <span class='ocrx_word' id='word_1_309' title='bbox 1632 2380 1760 2432; x_wconf 81' lang='lat' dir='ltr'><strong>ibique</strong></span> 
     </span>
    </p>
   </div>
  </div>
 </body>
</html>
