1952 2708
327 149 383 191 50
579 131 627 171 c,
695 123 1103 170 CORNELII
1166 123 1453 165 TACITI

327 212 496 257 Aurelio
520 217 531 233 ¹
549 239 562 261 ,
585 213 624 250 &
645 207 819 250 Servilio
848 208 1038 264 Caepione
1065 236 1079 258 ‚
1110 206 1187 247 Cn.
1218 220 1378 261 quoque
1403 202 1565 246 Manlio
1604 208 1619 226 ²
1655 204 1722 246 fu-

327 280 398 328 sxs,
429 273 496 317 vel
524 274 678 330 capus,
715 274 890 327 quinque
925 271 1039 312 slmul
1073 269 1301 312 consulares
1331 270 1531 310 exercitus
1565 269 1719 326 populo

326 343 544 383 Romano³
564 367 578 388 ,
608 339 761 380 Varum
777 367 789 387 ‚
815 336 971 390 tresque
995 350 1087 377 cum
1113 349 1162 376 eo
1184 332 1367 388 legiones
1383 363 1395 383 ‚
1426 334 1545 373 etiam
1576 333 1721 374 Caesari

327 403 572 447 abstulerunt
597 406 614 430 4
637 418 645 442 :
679 415 755 443 nec
780 400 944 457 impune
970 400 1018 440 C.
1046 399 1201 440 Marius
1227 401 1240 429 5
1268 397 1310 437 in
1336 395 1452 437 Italis
1466 425 1480 447 ,
1506 395 1621 438 divus
1646 398 1720 441 Ju-

328 527 423 558 Gallis
432 549 440 563 ‚
451 536 522 567 pago
531 524 715 555 Helvetiorum
726 547 734 560 ,
746 533 829 554 nunc
839 522 878 552 les
891 531 1007 552 cantons
1044 519 1185 557 Caepionis
1195 544 1205 558 ‚
1226 521 1303 560 cujus
1321 519 1473 549 temeritate
1492 517 1584 548 clades
1606 527 1722 557 accepta

327 567 361 597 tle
374 566 479 596 Zuriclz
489 589 498 603 ,
522 564 672 605 Appenzell
685 588 694 602 ,
717 562 916 603 Schaffffluft,
943 564 1005 594 &c.
1043 570 1102 589 erat
1112 583 1121 597 ‚
1134 559 1258 590 damnati
1271 584 1280 597 ‚
1302 559 1370 589 bona
1388 558 1528 596 publicata
1536 559 1614 597 fient.
1625 559 1701 592 Dies
1711 586 1722 599 ‚

327 608 373 647 qui
384 617 401 636 a
415 605 708 645 civitateseceſjeraut‚
721 604 749 633 in
759 602 868 642 finibus
878 602 1006 632 Allobro·
1044 611 1107 640 quo
1140 599 1204 631 haec
1227 601 1329 632 clades
1357 598 1492 638 contigit
1524 608 1608 628 anno
1631 600 1722 632 Urbis

325 657 410 688 gum,
426 656 484 675 cum
498 647 619 674 exercitu
633 644 717 683 caefiis
728 642 890 682 efl.Milites
911 643 955 681 qui
973 653 1007 671 ex
1044 639 1181 671 conditae
1205 652 1324 671 Dcxux
1341 663 1350 675 ‚
1373 639 1455 669 inter
1480 637 1612 668 nefastos
1638 640 1723 670 rela-

328 688 363 716 eci
373 685 674 725 cladefieperaverunr‚
685 682 817 722 obsidibus
828 681 913 719 daris,
928 681 957 710 ἕν’
968 681 1006 711 di·
1044 688 1091 710 tus
1117 680 1157 711 est
1178 704 1187 717 ‚
1212 681 1285 711 teste
1305 679 1468 709 Plutarcho
1496 677 1529 707 in
1554 679 1691 710 Lucullo
1710 702 1723 718 ,

328 725 414 756 midui
425 736 513 754 rerum
527 726 644 754 omnium
654 733 744 760 parre,
759 732 788 751 ut
803 721 950 752 incolumes
962 720 1006 751 di·
1045 731 1111 759 pag.
1127 730 1195 760 5¹0·
1207 722 1277 750 Uno
1292 721 1364 750 ante
1377 729 1461 749 anno
1475 716 1583 756 Caepio
1594 718 1723 758 consul,

328 765 513 801 mitterentur,
524 775 581 793 cum
595 763 710 802 hostibus
722 762 877 801 pazt‘t'isunt.
896 761 1006 792 Livius

328 804 364 835 in
372 805 516 844 Epitome
525 805 724 835 LXV.Immo
734 804 912 833 Romanurn
922 812 1007 832 exer—

329 845 428 875 citum
439 844 493 874 sub
504 844 610 883 jugum
623 841 804 881 aTigurinis
815 842 1005 872 miffumdo-

1044 758 1164 799 direpti).
1175 758 1313 795 Toloszi,
1327 768 1409 788 nunc
1423 757 1550 795 Toulouse
1562 778 1571 792 ,
1592 758 1724 789 abstule-

1044 808 1090 830 rat
1104 799 1214 839 argenti
1222 798 1310 836 pondo
1320 807 1426 827 centum
1436 795 1525 825 decem
1536 796 1623 826 millia
1632 821 1641 834 ‚
1651 798 1723 829 Gal.

1045 840 1253 870 licaemonetae
1264 838 1355 869 libras
1364 840 1534 904 7‚189‚87l5
1545 838 1623 873 ‚auri
1634 837 1723 874 pondo

1044 878 1199 918 quindecies
1225 878 1314 908 decies
1336 886 1442 906 centum
1461 875 1558 906 milia.
1584 879 1624 907 At
1636 887 1723 908 error

1045 919 1085 949 est
1096 919 1128 949 in
1140 918 1204 950 auri
1219 928 1361 949 nurnero.
1378 916 1524 946 Immanis
1545 915 1630 946 enim
1643 917 1724 947 sum-

1044 969 1104 989 ma.
1120 959 1359 989 Emendandum
1371 964 1447 995 puto
1463 955 1525 984 auri
1538 955 1627 991 pondo
1643 957 1724 994 quin-

1045 997 1130 1028 decim
1156 998 1242 1028 millia
1265 1022 1274 1034 ‚
1306 996 1433 1026 Gallicae
1467 1003 1603 1026 monetae
1629 994 1723 1027 libras

1049 1048 1237 1077 14‚175,000
1251 1036 1357 1068 Justin.
1370 1037 1509 1071 XXXII,
1531 1045 1557 1072 3.

326 884 574 919 cetJu1.Caesar‚
588 883 666 913 Bell.
682 883 763 913 Gall.
775 883 785 911 1
797 904 806 916 ,
822 892 867 912 η.
890 880 944 910 Hic
956 892 1007 918 pu-

322 933 378 964 gus
387 933 457 952 unus
467 934 496 952 cu
502 934 527 951 m
538 923 612 951 domo
621 922 711 962 existet
722 945 731 957 ‚
741 931 851 958 patrum
860 920 1005 960 nostrorum

325 964 454 993 memorizi
472 963 508 993 L.
524 962 640 1002 Caffium
655 961 784 1000 confidem
809 960 984 997 interfecerat
995 985 1004 999 ‚

327 1002 359 1033 (τ’
373 1004 430 1041 ejus
443 1001 644 1040 exercitumsub
652 1002 749 1041 jugum
763 1001 881 1038 miserat.

368 1047 376 1061 ¹
411 1044 541 1073 ScAURo
576 1043 718 1071 AURELIO
740 1041 754 1077 ]
799 1039 843 1069 M.
873 1039 1005 1068 Aurelius

325 1080 452 1110 Scaurus
464 1105 472 1117 ,
495 1081 603 1120 legatus
617 1080 732 1118 consulis
751 1079 877 1116 (immo
895 1079 1004 1108 consul
1086 1083 1095 1103 ³
1121 1079 1244 1108 Por’uLo
1272 1078 1414 1107 Romno
1432 1077 1446 1113 ]
1476 1074 1612 1114 vigente
1632 1085 1723 1114 repu-

326 1130 411 1151 anno
426 1120 514 1151 Urbis
527 1119 663 1151 conditae
680 1129 800 1149 Dexi-vx
811 1119 822 1155 )
833 1128 850 1146 a
862 1117 982 1146 Cimbris
993 1141 1002 1154 ‚
1044 1115 1138 1146 blica.

316 1159 380 1198 fust)
397 1161 537 1195 exercitu,
552 1168 649 1195 captus
663 1157 697 1197 esi
710 1180 718 1194 ‚
735 1157 764 1185 ἕν’
781 1158 840 1185 cum
853 1180 863 1193 ,
875 1157 902 1185 in
922 1156 1005 1196 const·
1083 1159 1099 1178 4
1122 1157 1257 1186 CAEsAiu
1278 1154 1518 1190 ABSTULERUNT]
1538 1152 1649 1183 Caesari
1661 1154 1724 1183 Au-

326 1199 392 1228 lium
418 1199 453 1227 ab
473 1199 509 1227 iis
524 1207 675 1234 evocatus,
701 1196 849 1225 deterreret
871 1206 915 1225 eos
933 1220 942 1233 ,
971 1207 1006 1225 ne
1045 1194 1130 1232 gusto
1154 1205 1161 1223 t
1183 1194 1244 1234 quel
1263 1194 1349 1225 clade
1362 1191 1428 1221 adeo
1440 1191 1638 1230 consternatum
1650 1202 1725 1223 eum

1046 1233 1134 1264 fuiffe
1145 1233 1243 1270 jerunt
1268 1256 1278 1270 ,
1309 1242 1339 1262 ut
1364 1243 1412 1268 per
1448 1231 1591 1261 continuos
1621 1232 1724 1270 menses

1045 1272 1131 1302 barbe
1154 1272 1302 1311 capilloque
1311 1271 1446 1311 fiimmiffi)
1462 1294 1471 1307 ‚
1488 1281 1569 1307 caput
1587 1270 1726 1300 interdum

1037 1311 1147 1349 fhribus
1177 1311 1295 1342 illideret
1321 1336 1331 1349 ‚
1359 1310 1516 1348 vociferans
1545 1323 1554 1338 .·
1586 1310 1726 1350 Quinuili

326 1238 413 1275 Alpes
433 1237 581 1278 rranfirent
602 1237 716 1266 Italiam
730 1235 844 1273 petituri
861 1257 872 1270 ‚
889 1238 918 1264 ed
938 1234 1006 1273 quod

325 1277 429 1307 eliceret
451 1278 591 1307 Romanus
614 1277 689 1306 vinci
705 1286 758 1305 non
779 1275 865 1314 poſje,
886 1285 903 1303 a
927 1274 1007 1304 Boio—

324 1319 386 1358 rige
405 1340 414 1353 ,
437 1316 526 1354 feroci
554 1318 676 1355 juvene,
701 1315 803 1354 occisus
820 1314 864 1353 esi.
893 1314 1005 1345 Livius

326 1358 360 1388 in
372 1357 518 1395 Epitome
530 1357 658 1387 LXVII.
670 1354 750 1386 Vide
763 1356 797 1385 ὃ(
807 1353 1005 1384 Plutarchum

325 1397 360 1426 in
387 1396 486 1427 Matio
510 1406 578 1436 pag.
600 1406 672 1434 419.
685 1395 719 1425 &
732 1393 890 1425 Velleium
901 1394 1006 1424 Pater-

327 1436 433 1467 culum
446 1460 453 1472 ‚
470 1437 497 1465 II
510 1460 518 1472 ‚
539 1445 584 1466 12.

1046 1351 1123 1383 Vare
1144 1375 1154 1389 ‚
1183 1351 1304 1392 legiones
1327 1349 1409 1380 redde
1437 1362 1446 1378 .-
1477 1349 1597 1389 diemque
1635 1349 1727 1380 cladis

1046 1391 1193 1429 quotannis
1221 1390 1338 1430 moestum
1357 1390 1482 1419 habuerit
1504 1399 1537 1418 ac
1559 1389 1699 1429 lugubrem
1712 1413 1724 1427 ‚

1045 1432 1176 1462 sueton.
1190 1430 1223 1461 in
1237 1433 1314 1470 Aug.
1326 1431 1440 1461 XXIII.
1461 1430 1508 1459 De
1521 1429 1576 1460 hac
1590 1429 1726 1461 Variani

1046 1472 1135 1502 clade
1155 1470 1271 1501 dietum
1292 1469 1360 1501 satis
1378 1469 1489 1499 Annal.
1512 1470 1543 1503 Ι,
1571 1480 1606 1499 10
1623 1470 1657 1500 ὃ(
1671 1473 1724 1500 61.

1087 1517 1095 1538 5
1122 1511 1159 1541 C.
1182 1511 1340 1548 Maurus]
1366 1509 1433 1540 Tot
1457 1508 1596 1539 cladibus
1614 1519 1725 1548 accep-

1046 1549 1084 1580 tis
1096 1574 1105 1587 ‚
1122 1549 1237 1588 populus
1249 1550 1390 1579 Romanus
1410 1559 1462 1577 non
1481 1549 1564 1577 alium
1588 1547 1725 1585 repellen-

367 1479 378 1492 ²
413 1477 567 1507 SERviiso
593 1475 743 1504 Cffimonp„
762 1497 771 1510 ‚
795 1474 854 1504 Cn.
877 1483 1004 1508 QUOQUE

327 1515 486 1551 ΜΑΝιιο]
524 1515 699 1552 Utramque
725 1513 847 1543 cladem
867 1512 1006 1542 distinxit

327 1564 457 1594 quoque
483 1554 610 1591 Florus,
624 1555 665 1583 III
677 1577 686 1589 ‚
704 1563 730 1591 3.
753 1552 815 1582 Nec
824 1552 940 1589 primum
957 1553 1007 1580 im-

324 1603 416 1630 petum
435 1593 612 1622 barbarorum
629 1592 747 1621 Silanus·
764 1616 773 1629 ‚
795 1602 844 1621 nec
856 1590 1006 1631 ster-undum
1046 1590 1089 1619 elis
1110 1591 1198 1619 tantis
1213 1589 1328 1630 hostibus
1352 1589 1442 1628 magis
1460 1587 1583 1617 idoneum
1602 1589 1725 1624 impera-

327 1632 476 1669 Manlius,
495 1643 544 1661 nec
561 1633 670 1662 tertium
679 1631 908 1670 Caepiofitstinere
916 1641 1006 1668 potue·
1047 1639 1129 1659 rorem
1142 1653 1150 1665 ‚
1170 1632 1248 1669 qutim
1261 1629 1386 1658 Marium
1401 1628 1436 1661 eli
1452 1637 1540 1658 rarus.
1561 1629 1630 1658 Nec
1648 1627 1722 1659 falsa

326 1682 402 1702 runt.
412 1675 581 1711 Utramque
594 1671 760 1711 conjungit
769 1671 880 1702 Livius
893 1671 926 1701 in
936 1671 1005 1710 Epi·
1046 1669 1106 1700 fuit
1115 1670 1180 1709 spes
1194 1669 1328 1709 publica.
1343 1671 1463 1707 Quarto
1474 1667 1528 1699 suo
1539 1668 1701 1699 consulatu
1710 1691 1723 1705 ,

328 1720 417 1743 tome
433 1714 559 1743 LXVII.
588 1712 632 1740 Ab
655 1711 746 1751 iifilem
765 1710 904 1751 hostibus(
920 1710 1006 1740 Cim·
1046 1719 1130 1740 anno
1161 1709 1249 1740 Urbis
1281 1709 1416 1740 conditae
1449 1719 1534 1738 Dcmi
1558 1731 1567 1743 ‚
1606 1706 1723 1737 Marius

327 1751 413 1789 bris)
439 1751 493 1781 Cn.
507 1751 636 1780 Manlius
649 1775 658 1787 ‚
676 1749 783 1789 consul,
806 1750 835 1779 ἓν
852 1750 891 1790 Q.
907 1750 1006 1779 Servi-
1047 1758 1126 1777 trans
1150 1748 1234 1785 Alpes
1259 1749 1333 1778 circa
1354 1748 1450 1787 Aquas
1472 1746 1588 1776 Sextias
1606 1770 1615 1783 ‚
1637 1757 1724 1777 nunc

328 1790 383 1819 lius
394 1790 488 1828 Coepio
498 1815 507 1827 ,
520 1791 659 1830 proconsul
673 1815 681 1828 ,
697 1790 761 1820 violi
775 1789 870 1826 proelio
887 1814 895 1828 ‚
912 1789 1007 1828 castris
1046 1788 1107 1818 Aix
1121 1799 1159 1819 en
1169 1790 1330 1820 Provence
1343 1812 1351 1824 ‚
1363 1786 1558 1820 cumTeuronis
1571 1785 1695 1825 conflixit
1706 1795 1723 1821 ;

328 1841 428 1869 quoque
458 1830 531 1860 binis
556 1831 631 1860 exuri
660 1830 737 1868 fient.
769 1829 875 1860 FufiuS
899 1830 1006 1860 Paulus
1047 1827 1164 1865 amplius
1177 1837 1213 1856 ct.
1231 1827 1465 1866 millibushostium
1478 1826 1568 1863 priore
1578 1825 1724 1864 acpostero

328 1869 456 1901 Orosius
469 1894 478 1907 ,
495 1873 522 1901 V
534 1893 544 1907 ,
574 1874 618 1900 16.
638 1869 767 1898 Manlius
782 1868 888 1908 confizl,
911 1868 940 1898 ὓ*
966 1869 1005 1907 Ο.
1047 1867 1090 1896 die
1110 1867 1256 1897 trucidaris
1268 1892 1277 1904 ‚
1297 1868 1413 1908 genfiyue
1431 1866 1520 1905 excisa
1541 1864 1693 1894 Teutonum
1709 1888 1722 1903 ‚

329 1909 423 1947 Caepio
447 1934 456 1947 ‚
487 1909 655 1948 proconsul,
677 1908 810 1938 adversus
827 1907 952 1938 Cimbros
976 1908 1006 1937 [r
1048 1908 1183 1938 Velleius
1215 1907 1388 1938 Paterculus
1415 1907 1443 1935 II
1462 1928 1471 1940 ‚
1502 1915 1545 1934 ιι.
1576 1904 1656 1936 Vide
1688 1905 1725 1936 δί

328 1951 463 1978 Teutones
474 1973 483 1986 ‚
494 1949 523 1979 Cr
536 1948 686 1989 Tigurinos
702 1948 731 1978 ὓ·
747 1948 920 1985 Ambronas,
936 1947 1006 1977 Gal·
1047 1947 1176 1978 Livium
1186 1947 1218 1976 in
1226 1947 1372 1986 Epitome
1383 1946 1525 1981 LXVIII,
1537 1944 1590 1984 qui
1601 1944 1645 1974 ait
1654 1944 1723 1982 caestae

327 1987 413 2017 lorum
428 1989 457 2018 [r
471 1989 671 2018 Germanorum
683 1998 800 2028 gentes,
817 1999 875 2027 quae
892 1997 957 2017 runc
976 1998 1006 2017 ut
1046 1987 1153 2026 hostium
1179 1985 1298 2015 ducenta
1314 1986 1402 2016 millia
1425 2009 1433 2022 ‚
1454 1994 1535 2021 capta
1554 1984 1724 2023 nonaginta.

328 2028 471 2064 imperium
484 2029 636 2058 Romanum
651 2028 871 2067 exstinguerent,
897 2028 1005 2065 conftri-
1048 2027 1170 2064 Quinto
1189 2035 1293 2057 autem
1312 2026 1366 2057 suo
1384 2025 1548 2056 consulatu
1566 2033 1650 2054 anno
1666 2024 1724 2053 Ur·-

327 2077 463 2096 raverant
488 2092 496 2104 ‚
528 2068 591 2106 miffi
608 2093 617 2106 ‚
650 2067 810 2105 provincius
840 2067 897 2107 fibi
930 2066 1005 2096 Rlzo-
1045 2067 1092 2096 bis
1112 2066 1248 2097 conditae
1271 2077 1370 2097 Dcun
1387 2089 1395 2101 ,
1424 2065 1572 2095 Cimbros
1605 2063 1637 2092 in
1662 2064 1722 2093 Ita-

327 2105 400 2136 dano
419 2131 428 2144 ,
457 2107 485 2137 le
499 2107 725 2148 Rhone‚fluvio
745 2105 829 2136 medio
847 2106 1005 2145 diviserunt.
1025 2100 1030 2128 l
1046 2105 1086 2136 lizi
1099 2128 1108 2141 ,
1136 2105 1331 2145 transgress‘os
1353 2104 1490 2136 Athefim
1503 2126 1512 2137 ‚
1538 2100 1670 2141 l'Adige‚
1688 2101 1723 2132 in

328 2145 384 2176 Ubi
418 2146 480 2176 dum
510 2147 581 2176 inter
612 2147 643 2185 ft?
664 2146 818 2186 graviffime
842 2145 949 2175 invidie
976 2146 1005 2175 Cr
1046 2156 1156 2185 campo
1170 2145 1292 2176 Raudio
1305 2144 1382 2182 ‚ubi
1396 2153 1477 2173 nunc
1494 2140 1580 2170 Rubio
1594 2165 1602 2177 ‚
1622 2140 1721 2178 vicit,

328 2187 502 2216 contentione
524 2185 694 2225 disceptant,
720 2196 779 2214 cum
798 2187 900 2225 magnif
921 2186 1004 2226 igno-
1046 2186 1113 2222 caesa
1134 2195 1182 2215 aut
1197 2195 1278 2222 capta
1293 2182 1410 2219 amplius
1419 2191 1468 2211 cm
1477 2180 1611 2210 hominum
1625 2204 1633 2216 ‚
1648 2180 1721 2211 vel-

328 2225 417 2255 miniti
453 2224 482 2255 Εν
508 2225 628 2261 periculo
660 2225 777 2254 Romani
803 2225 923 2254 nominis
942 2226 1005 2255 νίἅί
1046 2225 1124 2256 leius
1156 2224 1348 2259 Parereuhw,
1372 2223 1422 2257 ΙΙ,
1448 2232 1494 2251 12.
1519 2222 1559 2250 At
1582 2230 1646 2250 non
1664 2219 1722 2249 im-

319 2265 399 2304 sunt.
411 2287 436 2296 ..
451 2289 459 2295 .
479 2265 625 2304 Ouoginm
642 2265 727 2294 millia
738 2265 920 2294 Romanorum
933 2290 942 2301 ‚
966 2266 1005 2301 fi)-
1045 2267 1126 2301 pune
1144 2264 1244 2294 vic'kor
1268 2262 1328 2292 fuit
1347 2261 1478 2295 Μειῑίιιε,
1497 2269 1530 2290 ut
1541 2259 1658 2290 constat
1681 2270 1720 2290 ex

329 2305 758 2344 (ior-umque,ecidemrempeftaze
770 2304 926 2342 trucidavit,
938 2305 1004 2334 An-
1043 2303 1199 2334 immenfis
1216 2303 1294 2333 belli
1316 2301 1508 2340 apparatibus
1522 2324 1530 2334 ,
1550 2310 1628 2339 quos
1646 2299 1721 2329 vide

328 2344 494 2382 rias-scribit.
505 2345 586 2375 Cum
597 2345 704 2384 Caepio
718 2345 805 2382 hujus
816 2345 909 2375 cladis
918 2344 1003 2375 causa
1042 2344 1124 2381 apud
1136 2342 1331 2373 Plutarchum
1353 2341 1387 2371 in
1401 2339 1512 2370 Murio.
1525 2341 1592 2369 Nec
1606 2339 1720 2369 adver-

328 2383 451 2425 fuiffet,
463 2384 615 2426 secundum
622 2383 716 2423 populi
728 2384 846 2415 Romani
853 2383 1004 2425 jufflonem,
1041 2385 1091 2416 sus
1117 2382 1264 2414 Cimbros
1295 2383 1418 2414 tantum
1441 2380 1493 2412 sed
1513 2380 1549 2413 ὃς
1572 2379 1720 2411 adversus
