1952 2708
605 150 653 191 C.
720 149 1172 193 CORNELII
1236 145 1558 192 TACITI

382 230 452 271 illa
479 240 639 280 vetere,
668 243 785 284 atque
811 228 953 272 directa
986 231 1147 273 dicendi
1173 229 1262 272 via:
1289 247 1372 272 non
1400 231 1628 271 infirmitate
1657 224 1770 284 inge-

382 294 470 343 nii,
504 307 580 333 nec
612 292 769 334 inscitia
796 293 1028 345 literarum,
1059 294 1291 335 transtulisse
1314 295 1353 335 se
1379 295 1426 336 ad
1447 295 1488 335 id
1514 294 1672 335 dicendi
1700 307 1769 347 ge-

385 370 458 395 nus
484 357 717 407 contendo,
746 356 812 396 sed
845 355 998 408 judicio
1035 361 1076 397 ὃς
1106 356 1325 398 ἱιπεΙΙεέω.
1349 357 1465 398 Vidit
1500 372 1696 410 namque,
1723 367 1767 395 ut

382 417 520 474 paullo
548 419 639 459 ante
660 418 871 469 dicebam,
905 434 996 460 cum
1025 420 1259 460 conditione
1286 433 1513 474 temporum
1538 435 1583 460 ac
1611 418 1770 459 diversi-

383 494 465 522 tate
486 483 640 522 aurium
659 482 830 523 formam
852 497 1011 536 quoque
1036 498 1081 523 ac
1107 482 1282 538 speciem
1305 483 1496 522 orationis
1515 482 1590 522 effe
1612 494 1769 522 mutan-

383 545 488 585 dam.
518 545 656 586 Facile
690 545 911 601 perferebat
940 546 1049 601 prior
1080 547 1148 585 iste
1188 544 1391 601 populus,
1421 558 1466 585 ut
1494 546 1700 599 imperitus
1729 547 1769 583 ὅ(

381 607 518 658 rudis,
552 609 923 664 imperitiffimarum
963 609 1190 648 orationum
1226 609 1373 664 spatia:
1416 621 1533 662 atque
1562 607 1603 647 id
1639 606 1769 662 ipsum

383 669 493 711 laudi
517 670 708 721 dabatur,
725 672 751 710 si
768 671 941 712 dicendo
966 672 1052 726 quis
1081 671 1187 712 diem
1213 673 1417 711 eximeret.
1445 672 1506 711 Ita
1519 671 1616 710 vero
1644 667 1768 723 longa

382 735 673 789 principiorum
690 736 922 790 praeparatio
936 762 950 785 ,
991 738 1031 774 &
1060 735 1294 775 narrationis
1319 733 1397 774 alte
1425 734 1593 790 repetita
1618 732 1735 772 series
1755 760 1769 781 ,

381 801 424 837 &
463 795 679 837 multarum
707 797 945 838 divisionum
972 798 1210 848 ostentatio,
1242 801 1283 838 &
1306 795 1418 837 mille
1443 807 1768 852 argumentorum

381 860 551 914 gradus,
575 864 615 900 ὃ(
639 860 833 914 quidquid
857 860 964 902 aliud
986 861 1203 901 aridissimis
1232 861 1490 914 Hermagora:
1524 864 1564 900 ὃς
1596 855 1768 914 Apollo-

381 923 470 963 dori
509 929 517 945 ¹
546 921 654 964 libris
678 925 928 980 praecipitur,
956 925 998 964 in
1023 925 1177 965 honore
1202 937 1284 965 erat
1300 941 1321 963 :¹
1337 923 1446 978 quod
1467 923 1494 962 sl
1517 923 1603 976 quis
1626 921 1769 961 odora-

380 998 445 1026 tus
472 984 771 1042 philosophiam
786 1016 799 1037 ,
827 1000 945 1041 atque
967 1002 1017 1027 ex
1038 987 1082 1027 ea
1104 991 1117 1008 ²
1139 986 1280 1028 locum
1299 985 1473 1040 aliquem
1499 985 1673 1026 orationi
1693 984 1768 1023 suae

333 1050 337 1054 ’
378 1049 568 1090 insereret
588 1079 601 1100 ,
637 1051 678 1090 in
709 1051 847 1091 caelum
884 1049 1066 1090 laudibus
1099 1050 1310 1090 ferebatur.
1344 1052 1438 1090 Nec
1462 1050 1629 1088 mirum:
1658 1059 1770 1087 erant

379 1113 487 1151 enim
514 1113 599 1152 haec
629 1128 734 1153 nova
762 1117 802 1153 ὃς
837 1114 1067 1167 incognita:
1098 1117 1138 1152 ὃς
1164 1113 1341 1168 ipsorum
1371 1126 1531 1166 quoque
1563 1123 1768 1151 oratorum

378 1174 597 1229 paucissimi
625 1189 820 1231 praecepta
850 1177 1085 1225 rhetorum,
1121 1189 1188 1216 aut
1215 1175 1551 1231 philosophorum
1583 1173 1730 1229 placita
1754 1202 1769 1223 ‚

379 1251 673 1291 cognoverant.
697 1239 753 1278 At
777 1237 942 1279 hercule
970 1236 1212 1294 pervulgatis
1234 1237 1314 1290 jam
1343 1237 1527 1277 omnibus
1542 1266 1554 1287 ,
1582 1241 1674 1277 cum
1698 1237 1769 1276 vix

377 1301 419 1339 in
445 1299 600 1340 cortina
628 1306 638 1328 ³
667 1302 873 1355 quisquam
899 1301 1075 1351 adsistat,
1105 1303 1172 1354 qui
1200 1300 1409 1342 elementis
1435 1305 1454 1328 4
1481 1299 1699 1340 studiorum
1727 1303 1770 1338 &

378 1363 406 1402 s1
440 1378 522 1402 non
555 1364 788 1417 instructus,
820 1378 860 1404 at
893 1365 1000 1405 certe
1038 1363 1214 1405 imbutus
1239 1365 1311 1414 fit,
1345 1365 1461 1404 novis
1490 1367 1531 1403 ὅ(
1564 1362 1766 1416 exquisitis

378 1424 616 1479 eloquentiae
643 1426 850 1468 itineribus
878 1443 977 1483 opus
1003 1429 1055 1468 est
1071 1457 1083 1478 ,
1113 1443 1183 1484 per
1204 1443 1286 1482 quae
1314 1440 1447 1468 orator
1473 1425 1670 1466 fastidium
1695 1440 1764 1466 au-

390 167 473 203 140

376 1558 493 1596 primum
515 1559 664 1598 adfirmant
678 1584 687 1597 ‚
714 1559 777 1590 &c.
800 1558 882 1590 Vide
907 1560 1008 1590 Notas
1022 1559 1055 1591 8<

378 1599 623 1629 Emendationes
636 1600 674 1628 ad
689 1609 755 1638 cap.
777 1610 823 1634 19.
838 1600 886 1629 De
896 1599 1056 1630 Caffiose-

377 1647 455 1668 vero
469 1661 477 1675 ,
495 1638 605 1668 orandi
619 1638 728 1669 valido
744 1662 753 1675 ,
779 1638 829 1668 sed
843 1638 973 1668 sordidae
987 1639 1053 1669 ori-

377 1676 458 1715 ginis
478 1677 511 1707 &
524 1677 672 1708 maleficae
690 1677 760 1707 vitae
777 1700 786 1713 ,
809 1677 923 1708 dictum
948 1679 988 1708 est
1005 1679 1054 1708 su—

377 1717 431 1754 pra
452 1717 562 1746 Annal.
591 1719 632 1747 IV
649 1740 657 1753 ‚
681 1727 728 1746 21.
753 1717 904 1746 Extremis
929 1718 1054 1757 Augusti

378 1755 573 1794 temporibus
596 1757 631 1786 ὃς
656 1755 778 1786 Tiberii
801 1755 974 1794 principatu
991 1758 1054 1788 flo-

378 1794 450 1824 ruit.
486 1795 634 1825 Formam
661 1797 726 1833 ejus
752 1795 871 1834 ingenii
909 1796 1054 1827 describit

379 1834 597 1870 Quintilianus
623 1858 632 1871 ‚
675 1834 794 1873 institut.
823 1834 904 1864 Orat.
936 1837 964 1864 X
978 1859 987 1872 ‚
1028 1846 1052 1866 1.

376 1872 472 1902 Multa
486 1873 534 1911 ‚fi
551 1883 608 1902 cum
623 1873 726 1912 judicio
741 1873 849 1913 legatur
862 1897 871 1911 ‚
898 1873 975 1903 dabit
990 1875 1053 1904 imi-

375 1913 482 1942 tatione
496 1912 581 1952 digmz
600 1912 704 1953 Caffius
715 1916 828 1942 Severus
839 1925 849 1941 .·
868 1913 913 1951 qui
921 1913 965 1953 ,fi
982 1924 1052 1944 cete-

374 1952 416 1980 ris
446 1952 594 1981 virtutibus
619 1953 730 1982 colorem
752 1952 782 1981 ὓ
793 1953 964 1992 gravitatem
982 1964 1048 1983 ora—

374 1991 459 2020 tionis
478 1991 565 2029 adjeci
586 2001 612 2020 et
627 2016 637 2029 ,
663 1991 805 2029 ponendus
817 1992 889 2021 inter
898 1993 1050 2030 praecipuos

367 2029 452 2067 foret.
464 2031 539 2060 Nam
562 2032 566 2035 “
589 2032 694 2071 ingenii
707 2031 852 2068 plurimum
867 2031 902 2070 est
913 2032 942 2061 in
954 2043 1001 2068 eo,
1019 2033 1049 2062 Cr

373 2069 513 2099 acerbitas
527 2071 596 2099 mira
615 2072 644 2100 ὓ*
661 2070 807 2100 urbanitas
822 2070 851 2100 [r
866 2071 910 2100 vis
918 2072 1026 2109 stimma
1038 2085 1047 2101 :

361 2107 417 2147 sed
426 2108 625 2147 plusstomacho
635 2135 644 2147 ‚
655 2113 733 2150 quim
747 2110 853 2150 consilio
870 2109 943 2140 dedit
954 2124 963 2139 :
974 2122 1049 2148 prae-

372 2157 448 2176 terea
460 2158 488 2176 ur
501 2150 670 2188 amarifizles
681 2174 690 2187 ‚
711 2150 751 2179 ita
765 2149 926 2189 frequenter
939 2152 1047 2180 <zmari-

370 2186 435 2216 tudo
459 2188 517 2226 ipstz
534 2188 650 2217 ridicula
668 2189 712 2228 est.

411 2232 420 2246 ¹
445 2227 661 2258 HERMAGORAE
681 2239 719 2258 ET
735 2230 959 2266 Apononom]
973 2230 1045 2260 Duo

368 2265 418 2295 illi
428 2265 566 2296 rhetores
581 2268 634 2297 sub
645 2268 778 2306 Augusto
786 2269 930 2299 floruere.
944 2271 1044 2299 Immo

367 2305 583 2348 Apollodorus
604 2307 727 2344 Augusti
748 2317 918 2347 praeceptor
930 2307 991 2338 fuit
1011 2310 1044 2338 ὃς

366 2343 538 2375 familiaris.
554 2345 633 2376 Vide
652 2347 885 2382 Quintilianum
899 2370 908 2381 ‚
925 2347 1043 2385 Institut.

1092 1563 1164 1600 625.
1194 1562 1385 1601 Praeceptore
1409 1560 1608 1600 Apollodoro
1626 1584 1636 1597 ,
1670 1560 1764 1599 coepit

1092 1601 1276 1639 eloquentia
1287 1602 1320 1630 in
1331 1601 1421 1631 sectas
1435 1600 1534 1630 dividi
1551 1624 1560 1635 ,
1576 1602 1610 1630 ὃς
1625 1601 1764 1630 evanuit.

1092 1640 1181 1708 &deo
1196 1640 1316 1672 infensa
1330 1640 1519 1680 infaustaque
1541 1639 1687 1670 secratum
1700 1640 1762 1670 stu-

1115 1689 1153 1710 la.
1355 1704 1358 1705 γ

1131 1724 1143 1738 2
1167 1719 1277 1754 Aroma
1301 1731 1341 1750 Ex
1363 1721 1424 1757 EA]
1451 1719 1540 1757 Atque
1551 1716 1762 1749 omittendum

1091 1757 1224 1788 videtur.

1132 1804 1141 1824 3
1166 1799 1198 1827 IN
1216 1799 1380 1835 comma]
1407 1798 1455 1828 De
1466 1796 1613 1827 hocloco
1625 1797 1762 1828 eruditus

1089 1837 1150 1867 Jos.
1177 1837 1312 1877 Scaliger
1327 1861 1337 1875 ‚
1371 1836 1529 1875 Conjefffan.
1559 1836 1589 1864 in
1606 1835 1762 1866 Varronem

1090 1875 1122 1904 de
1140 1875 1226 1915 Ling.
1251 1876 1318 1906 Lat.
1332 1887 1399 1916 pag.
1417 1886 1483 1915 127.
1503 1875 1576 1906 edit.
1597 1885 1647 1905 an.
1671 1879 1761 1915 1581.

1090 1914 1206 1944 Corzina
1231 1925 1264 1944 ea
1289 1915 1324 1954 est
1341 1916 1448 1952 proprie*
1460 1939 1469 1952 ‚
1487 1915 1516 1944 in
1537 1915 1588 1953 qud
1600 1914 1761 1983 lanafizlff-

1089 1954 1129 1983 ἑῖα
1146 1955 1242 1994 flaccos
1263 1954 1356 1985 ebibit.
1382 1955 1426 1984 Ab
1437 1965 1466 1984 eo
1481 1955 1541 1993 usus
1557 1953 1592 1992 est
1605 1964 1692 1991 metap
1703 1955 1761 1984 torci

1089 1993 1172 2025 Corn.
1191 1993 1307 2023 Tacitus
1320 1995 1349 2024 in
1361 1994 1486 2033 Dialogo
1498 2017 1507 2030 ‚
1534 1994 1594 2022 cum
1607 1993 1684 2022 aitin
1697 2003 1760 2022 cor-

1088 2034 1148 2062 rinci
1166 2034 1224 2073 ff·
1237 2056 1244 2063 .
1256 2057 1263 2064 .
1277 2044 1334 2073 quae
1349 2034 1420 2063 enim
1436 2034 1465 2062 in
1481 2032 1679 2071 corrindfizm,
1694 2043 1759 2062 non-

1088 2072 1151 2102 dum
1174 2073 1286 2109 penitus
1312 2073 1475 2103 imbiberunt
1501 2072 1623 2111 succum.
1663 2071 1759 2103 Forte

1088 2112 1252 2151 {implicitis
1265 2112 1505 2153 intelligendum
1517 2112 1554 2141 de
1565 2110 1758 2154 affistentium

1086 2153 1329 2191 auditorumque
1358 2152 1487 2183 coronal.
1507 2150 1558 2180 Sic
1575 2152 1703 2181 Severus
1724 2160 1758 2180 m

1086 2191 1178 2222 AEtna
1192 2215 1202 2229 ‚
1223 2192 1300 2221 vers.
1313 2202 1381 2229 ²94·
1651 2202 1653 2204 ·

1252 2237 1346 2268 Longas
1363 2235 1451 2268 emugit
1461 2235 1557 2259 buccina
1568 2242 1634 2259 voces
1642 2252 1651 2261 ,

1119 2270 1271 2301 Carmineque
1281 2270 1372 2301 irriguo
1388 2269 1469 2301 magni
1483 2270 1572 2293 cortina
1586 2267 1670 2292 rheam·
1680 2277 1689 2291 .-

1118 2303 1247 2335 Imparihus
1257 2303 1376 2334 numerosa
1394 2303 1468 2327 modis
1487 2303 1551 2326 canit
1561 2309 1610 2326 arte
1617 2301 1728 2333 regentis.

1121 2352 1135 2370 4
1158 2350 1221 2385 Qu1
1246 2357 1414 2379 rrrmrurls
1433 2348 1449 2385 ]
1491 2348 1585 2379 Forte
1607 2347 1754 2386 scriptum

366 2382 453 2417 Orat.
476 2385 536 2423 111,
556 2395 580 2415 1.
594 2385 823 2417 &Strabonem
836 2410 846 2424 ,
863 2387 954 2424 XIII,
975 2396 1042 2425 pag.
1083 2386 1177 2426 olim,
1197 2387 1271 2426 quin.

1798 803 1850 832 10

1798 1122 1847 1163 15

1790 1437 1846 1463 20
