1952 2708
1449 174 1531 211 223

166 229 1542 287 mffifflffiwfflfflfflmmmmw

190 344 481 398 NOTAE
542 343 650 394 ET
717 342 1506 397 EMENDATIONES

570 466 672 506 AD
726 464 1143 506 DLALOGUM

356 575 494 639 DE
573 571 1344 637 ORATORIBUS,

160 763 240 826 C.
272 787 463 824 CORNELH
490 787 633 824 TACITI
659 797 852 823 D1ALOGU5
875 798 926 822 DE
950 787 1238 833 ORATORIBUS]
1259 786 1314 822 Ita
1327 785 1402 822 ΜΠ.
1420 786 1540 823 vatic„

166 840 288 886 1518,
314 839 411 874 1862
447 841 480 874 &z
498 840 614 885 4498.
656 838 699 872 In
726 836 888 873 editione
922 837 1109 885 principe,
1142 838 1280 873 Cornelii
1306 837 1407 871 Taciti
1433 839 1545 884 equitis

160 889 300 924 Romani
322 889 468 936 dialogus
492 891 527 923 de
553 888 743 923 Oratoribus
767 888 873 922 claris.
912 886 1130 923 Puteolanus
1154 890 1187 923 δε
1204 885 1401 923 Beroaldus
1418 912 1428 929 ‚
1452 897 1547 921 COR*

161 949 268 975 NELH
297 950 427 974 TAClTl
451 950 600 980 EQUITIS
628 948 782 973 ROMANI
802 947 995 972 DIALOGUS
1025 949 1077 972 AN
1103 949 1160 973 sul
1179 947 1321 972 SAECULi
1341 947 1543 972 ORATORES

159 999 465 1029 ANTlQmorussus
496 999 545 1024 ET
575 999 706 1028 QUARE
735 997 988 1022 CONCEDANT.
1021 985 1166 1022 Deinde
1192 985 1336 1035 plurimi
1352 985 1409 1021 vel
1426 984 1548 1030 Quin-

161 1037 314 1081 tiliano,
333 1037 391 1074 vel
419 1037 468 1074 M.
492 1038 620 1086 Apro,
650 1036 708 1073 vel
735 1035 898 1072 Curiatio
924 1036 1090 1073 Materno
1127 1036 1313 1085 dialogum
1342 1035 1439 1071 hunc
1468 1033 1546 1070 vin-

162 1087 282 1123 dicare
307 1088 456 1124 voluere
485 1101 493 1121 τ
517 1098 552 1123 at
578 1086 677 1122 nulla
699 1086 774 1122 nixi
799 1085 1030 1129 audoritate,
1057 1099 1101 1122 ne
1126 1085 1377 1134 probabilibus
1401 1083 1547 1134 quidem

163 1137 391 1186 argumentis.
418 1137 597 1187 Dialogus
624 1136 685 1173 hie
709 1136 851 1171 habitus
869 1135 936 1177 est,
969 1135 1136 1183 Principe
1153 1134 1548 1183 Vespafiano,ejusque

162 1187 305 1235 imperii
327 1200 423 1223 anno
439 1187 551 1224 sexto.
586 1187 692 1222 Tunc
716 1185 869 1232 scriptor
886 1185 1023 1234 dialogi
1050 1196 1124 1222 erat
1143 1189 1273 1234 jurenis
1291 1185 1457 1220 admodum
1476 1212 1485 1226 ,
1508 1194 1550 1219 uz:

163 1237 302 1273 constat
326 1249 369 1273 ex
389 1237 506 1286 primo
533 1236 662 1285 capite.
679 1235 793 1282 Quod
809 1235 1040 1280 Quintiliano
1057 1261 1065 1276 ,
1085 1235 1234 1283 Aprove
1253 1263 1262 1278 ‚
1284 1245 1344 1270 aut
1356 1236 1523 1270 Materno
1536 1259 1549 1277 ‚

164 1297 240 1323 tum
258 1287 458 1336 grandaevis
474 1314 484 1330 ‚
507 1287 656 1322 minime
678 1284 863 1321 convenit.
899 1286 970 1328 At,
994 1285 1111 1333 inquit
1129 1285 1263 1333 Lipsius
1277 1312 1285 1327 ,
1313 1297 1381 1320 nec
1399 1284 1550 1319 Tacitus

164 1346 252 1373 tunc
279 1337 345 1372 fuit
368 1337 564 1372 admodum
594 1334 732 1383 juvenis
754 1363 763 1376 ,
786 1334 956 1384 siquidem
993 1334 1150 1371 honores
1183 1334 1297 1382 coepit
1323 1333 1385 1369 sub
1412 1333 1549 1381 Vespa-

164 1387 274 1423 siano.
307 1385 422 1422 Miror
441 1385 477 1422 id
503 1385 616 1433 objici
637 1398 656 1421 a
684 1384 763 1421 viro
790 1383 1020 1421 eruditiffimo
1046 1412 1055 1428 ,
1084 1385 1144 1434 qui
1170 1385 1329 1420 honores
1354 1383 1437 1418 illos
1452 1382 1551 1419 fuisse

164 1436 360 1486 juventutis
378 1437 547 1485 proprios
573 1435 648 1484 ipse
675 1434 820 1470 noverit
835 1462 844 1477 ,
865 1434 1027 1483 saepeque
1054 1434 1090 1470 in
1112 1434 1181 1469 suis
1202 1433 1246 1469 ad
1258 1432 1426 1469 Tacitum
1442 1432 1552 1468 Notis

164 1486 357 1523 monuerit.
373 1488 544 1523 Prteterea
567 1485 716 1521 biennio
742 1484 820 1532 post
841 1484 1003 1520 habitum
1029 1484 1126 1519 hunc
1147 1484 1332 1533 dialogum
1349 1511 1358 1526 ‚
1373 1484 1454 1519 eum
1472 1483 1550 1518 Ta-

166 1536 256 1573 citus
274 1549 423 1573 uxorem
450 1536 595 1572 duceret
613 1535 721 1570 filiam
738 1536 806 1569 Cn.
826 1533 911 1570 Julii
932 1534 1135 1583 Agricolae‚
1166 1534 1242 1582 ipse
1261 1532 1405 1570 testatur
1433 1532 1466 1569 se
1489 1532 1551 1568 ad-

164 1586 237 1623 hue
261 1587 325 1623 effe
351 1588 515 1633 juvenem
534 1612 542 1626 ,
575 1596 613 1622 ut
634 1595 732 1633 patet
766 1597 808 1620 ex
836 1584 921 1621 Vita
944 1584 1070 1633 Agric.
1099 1597 1177 1632 cap.
1204 1596 1242 1630 9.
1278 1585 1393 1630 Consul
1418 1586 1551 1631 egregio:

164 1648 233 1672 tum
252 1638 320 1684 spei
341 1637 455 1684 filiam
473 1638 585 1683 juveni
605 1637 681 1670 mihi
702 1634 882 1681 despondit,
907 1649 942 1669 ac
956 1634 1026 1681 post
1049 1635 1245 1681 conficlatum
1267 1635 1448 1668 collocavit.
1473 1632 1553 1669 Nec

165 1686 293 1722 melius
322 1686 501 1734 objiciunt
532 1685 610 1735 styli
638 1684 875 1722 diverfitatem
911 1697 920 1720 :
960 1684 1116 1720 diversus
1150 1683 1216 1720 effe
1247 1683 1352 1720 debet
1391 1696 1458 1732 pro
1494 1682 1553 1718 di-

164 1737 265 1772 versa
297 1736 480 1785 scriptoris
505 1747 608 1774 aetate
640 1750 648 1772 :
675 1736 830 1772 diversus
855 1747 1001 1785 quoque
1034 1735 1083 1770 ob
1106 1744 1398 1784 argumentorum
1430 1733 1552 1769 diver-

166 1784 310 1823 fitatem.
345 1787 465 1824 Nemo
501 1787 583 1823 sane
610 1786 773 1823 eumdem
816 1786 853 1819 in
880 1785 1061 1832 dialogo,
1107 1797 1212 1833 quem
1247 1784 1284 1818 in
1313 1782 1552 1818 Historiarum

166 1834 433 1886 Annaliumque
456 1837 554 1872 libris
586 1836 713 1885 stylum
740 1835 906 1884 requiret.
930 1832 1096 1883 Insuper,
1122 1847 1200 1883 quac
1220 1833 1356 1881 dialogi
1381 1833 1454 1867 laus
1473 1832 1521 1868 est
1540 1858 1552 1876 ,

167 1884 329 1922 studuisse
358 1887 500 1923 videtur
529 1887 677 1922 Tacitus
700 1913 709 1929 ,
742 1897 781 1921 ut
798 1885 966 1933 cuiusque
994 1885 1177 1933 ingenium
1192 1882 1353 1919 redderet
1370 1910 1379 1925 ,
1412 1895 1479 1918 nec
1499 1894 1553 1917 ra-

168 1934 288 1970 tiones
312 1937 423 1972 modo
439 1963 448 1978 ‚
474 1937 534 1973 sed
557 1940 589 1973 &
612 1948 778 1972 numeros
805 1935 958 1971 referret.
988 1935 1077 1970 Inde
1105 1933 1178 1982 ipse
1203 1959 1212 1975 ‚
1240 1945 1319 1981 cap.
1347 1945 1378 1969 1.
1413 1935 1467 1966 Ita
1492 1945 1554 1967 non

168 1987 385 2032 ingenio‚sed
415 1989 564 2022 memoris}
585 2001 620 2021 ac
649 1986 860 2021 recordatione
894 1999 967 2031 opus
991 1984 1032 2031 cst
1052 2011 1062 2028 ‚
1091 1995 1126 2018 ut
1155 1996 1222 2032 quae
1245 1997 1265 2018 a
1291 1981 1554 2029 pra’stantg'fflmis

167 2038 247 2069 viris
278 2036 313 2070 ἓν
338 2039 522 2082 excogitata
541 2037 706 2082 ficbtilz'ter
728 2036 763 2070 θ’
785 2036 867 2069 dista
884 2038 1032 2083 graviter
1057 2037 1159 2079 accepi
1178 2061 1186 2068 .
1203 2061 1210 2068 .
1226 2061 1233 2069 .
1251 2033 1325 2067 dum
1339 2033 1482 2079 formam
1502 2033 1556 2079 sui

168 2087 294 2132 quisque
330 2085 366 2120 {7
400 2088 499 2120 animi
527 2115 535 2126 ,
570 2086 607 2120 ξπ·
626 2088 745 2132 ingenii
767 2085 927 2127 redderet,
956 2085 1063 2130 iisdem
1087 2097 1167 2117 nunc
1197 2085 1357 2122 numeris,
1390 2082 1557 2130 iisdemque

169 2135 345 2169 rationibus
372 2136 537 2182 persequar
562 2164 569 2175 ,
599 2136 728 2180 servato
748 2134 855 2169 ordine
871 2134 1103 2179 disputationis.
1128 2131 1264 2169 Verum
1290 2131 1376 2167 licet
1402 2131 1555 2167 aliorum

167 2183 319 2232 ingenio
349 2184 498 2219 Tacitus
529 2183 714 2219 indulserit
739 2211 748 2225 ‚
783 2195 858 2218 non
893 2183 943 2217 ita
967 2194 1083 2218 tamen
1114 2181 1166 2217 sui
1195 2181 1242 2218 est
1268 2181 1413 2217 oblitus.
1447 2183 1556 2217 Non-

171 2245 363 2282 numquam
395 2233 524 2269 emicat
550 2234 623 2279 ejus
643 2233 696 2269 vis
721 2236 754 2269 ὃς
779 2232 997 2282 eloquentia.
1026 2231 1142 2268 Multa
1166 2243 1311 2282 quoque
1338 2241 1554 2271 occurrunt,

172 2295 251 2330 quae
274 2285 346 2331 ejus
370 2282 496 2331 stylum
521 2283 685 2319 redolent
703 2310 712 2325 ,
737 2294 775 2318 ut
802 2282 840 2318 in
861 2282 968 2318 Notis
993 2282 1085 2331 saepe
1102 2282 1204 2329 supra
1225 2281 1292 2316 fuit
1314 2281 1552 2316 observatum„

173 2331 271 2380 Ergo
296 2333 416 2368 donec
447 2332 625 2369 validiora
645 2344 851 2381 argumenta
876 2332 1125 2380 proferantur,
1157 2331 1205 2367 ob
1231 2330 1476 2367 auftoritatem
1491 2342 1556 2364 ve·-

174 2389 288 2420 terum
327 2382 502 2421 librorum
523 2411 534 2430 ,
570 2396 649 2434 quae
678 2382 831 2420 maxima
852 2382 918 2420 effe
938 2381 1068 2426 debet,
1092 2381 1277 2432 dialogum
1302 2381 1400 2418 hunc
1421 2379 1556 2416 Tacito
