1952 2708
489 161 1209 205 CHRONOLOGICA.
1457 179 1543 217 μμ

160 241 199 277 in
215 240 284 276 hac
303 240 401 288 pacis
414 238 673 287 tranquillitate
689 265 697 281 ,
716 241 748 273 &
764 238 846 273 cum
865 238 978 274 studia
996 240 1208 277 liberalitate
1224 242 1232 257 ¹
1254 241 1430 291 Principis
1449 243 1544 280 refo-

161 301 327 326 verentur
349 316 359 332 ,
390 288 482 333 juvit
504 288 706 336 expendere
736 289 748 303 ²
777 288 968 337 quomodo
996 288 1092 324 Urbs
1109 317 1117 330 ,
1142 303 1219 338 quse
1236 302 1292 327 tot
1308 292 1544 330 eminentium

160 350 345 376 oratorum
362 337 515 387 ingeniis
530 338 719 387 gloriaque
735 337 956 381 effloruisset,
980 338 1021 374 ea
1038 337 1144 374 laude
1155 339 1204 374 ita
1215 350 1301 376 tunc
1312 342 1393 377 effet
1404 343 1545 386 orbata,

160 399 200 424 ut
218 389 279 423 vix
298 400 431 424 nomen
456 387 572 436 ipsum
594 388 747 425 oratoris
774 389 953 424 retineret.
975 389 1056 424 Hac
1080 389 1224 437 quidem
1241 389 1284 426 de
1298 402 1336 426 re
1359 391 1547 430 disseruere

159 437 212 473 M.
227 438 325 486 Aper
341 466 349 480 ,
370 437 480 474 Julius
498 437 693 481 Secundus,
711 438 891 473 Curiatius
906 439 1088 474 Maternus
1107 441 1139 474 &
1156 439 1361 487 Vipstanius
1378 441 1544 485 Messala,

161 487 299 537 ingenii
325 488 419 523 fama
444 498 519 524 tum
545 488 705 538 inslgnes.
732 488 879 537 Singula
908 488 957 524 rei
988 498 1170 524 momenta
1192 489 1257 524 rite
1276 492 1475 538 perpensa3
1512 497 1547 529 ὃ(

161 550 240 587 quae
258 537 346 574 olim
360 537 473 573 studia
487 537 641 580 alerent,
661 551 739 588 quae
758 538 887 575 deinde
905 537 962 574 vel
981 538 1056 587 ipsa
1071 537 1216 587 ingenia
1233 539 1365 586 peffum
1382 540 1548 578 dederint:

160 590 316 624 trastata.
332 587 376 623 In
395 587 555 624 confesso
579 599 698 625 tamen
712 588 778 624 fuit
794 588 1038 638 eloquentiam
1059 587 1237 624 alumnam
1254 589 1319 624 effe
1335 589 1489 627 licentiae
1503 604 1548 627 ac

161 637 335 674 libertatis
360 651 368 673 ε
388 638 507 674 nullos
521 651 688 688 umquam
703 638 801 675 fuiffe
822 650 983 675 oratores
997 638 1034 673 in
1049 637 1091 672 iis
1109 637 1316 674 civitatibus
1329 664 1336 677 ‚
1352 651 1429 686 qua:
1447 641 1549 678 seve-

161 687 296 723 rissimis
318 688 457 735 legibus
490 698 672 724 uterentur
700 702 709 725 :
736 689 837 724 bono
860 688 977 724 saeculi
1008 687 1059 723 sui
1084 688 1283 724 utendum:
1308 687 1550 735 sapientissimi

160 737 336 786 uniusque
350 737 527 786 Principis
545 751 671 787 pacem
692 737 899 775 contumaci
914 737 1168 787 arrogantique
1188 737 1398 787 eloquentia
1420 738 1551 774 melio-

162 799 236 823 rem
254 787 320 823 esse
345 799 450 835 atque
464 787 660 825 utiliorem.
685 789 778 825 Haec
802 788 884 824 cum
899 788 1047 824 Tacitus
1068 789 1206 833 juvenis
1224 787 1420 823 admodum
1446 789 1455 807 ³
1486 801 1550 825 au-

163 836 277 875 diiffet
294 865 304 883 ,
328 837 452 888 postea
474 837 586 875 literis
604 837 751 875 tradidit
766 867 775 883 ‚
796 841 828 875 δε
844 838 991 874 utilitati
1007 837 1165 888 publicae
1181 836 1418 875 consecravit.

500 939 639 977 ANNUS
665 939 714 976 U.
731 939 774 975 C.
803 950 1004 976 Deccxiux.
1058 938 1088 974 J.
1105 939 1140 974 C.
1169 937 1232 985 76.

215 1037 433 1086 Vespasiano
449 1038 612 1089 Augusto
634 1039 729 1083 VII,
759 1039 848 1075 Tito
869 1039 1006 1076 Caesare
1022 1037 1289 1074 Vconsulibus.
1319 1037 1554 1073 Domitianus

163 1087 208 1123 ab
239 1089 391 1124 externis
420 1088 524 1125 bellis
550 1089 717 1126 haaenus
751 1092 938 1133 reti-artus,
970 1102 1014 1125 ne
1043 1088 1101 1125 vel
1126 1087 1280 1124 succeffu
1310 1087 1422 1124 elatus
1444 1113 1453 1129 ‚
1494 1086 1554 1123 vel

166 1137 327 1173 Orientis
357 1139 528 1175 societate
555 1139 689 1180 audax,
707 1139 888 1175 fortunam
912 1139 1156 1187 praesumeret,
1185 1137 1352 1174 adversus
1379 1139 1553 1173 Sarmatas

167 1187 283 1222 miffus
302 1187 350 1224 est
364 1189 380 1209 4
396 1216 405 1231 ,
428 1201 470 1224 ex
486 1189 563 1238 quis
587 1188 713 1238 gloria:
738 1189 834 1237 spes,
859 1189 976 1224 nullus
1002 1200 1179 1224 novarum
1197 1200 1311 1224 rerum
1332 1198 1454 1223 metus.
1480 1187 1555 1222 Re-

167 1237 265 1285 cepit
280 1237 376 1286 signa
393 1239 475 1274 ante
491 1250 595 1288 capta
608 1267 617 1282 ,
642 1238 828 1289 vis’torque
847 1239 883 1274 in
900 1239 1037 1275 Urbem
1070 1238 1184 1274 rediit.
1209 1236 1356 1273 Interim
1376 1237 1450 1272 visa
1476 1235 1555 1272 Titi

166 1287 279 1322 virtus
299 1287 559 1337 elanguescere.
577 1288 665 1324 Otia
680 1300 800 1326 tamen
817 1288 964 1325 fallebat
984 1288 1127 1329 studii53
1151 1291 1183 1323 δε
1205 1287 1248 1323 de
1263 1287 1430 1322 aconti&
1449 1315 1458 1329 ,
1473 1298 1553 1335 quae

167 1336 241 1373 hoc
269 1349 365 1374 anno
392 1339 580 1386 apparuit,
607 1339 780 1387 praeclaro
811 1339 966 1375 carmine
997 1337 1206 1386 perscripsit.
1239 1338 1290 1372 At
1310 1337 1388 1372 liaec
1416 1336 1555 1372 leviora

166 1386 335 1423 adversus
364 1388 521 1424 animum
550 1389 745 1435 juventutis
765 1389 906 1425 fervore
921 1416 929 1431 ‚
958 1391 991 1424 ὃς
1010 1400 1116 1423 novcc
1149 1387 1302 1422 fortuna?
1326 1386 1472 1423 licentia
1487 1385 1555 1421 ass-

167 1446 340 1473 tuantem.
356 1437 459 1473 Parta
483 1438 627 1488 quidem
653 1438 755 1475 bellis
772 1439 891 1485 gloria
909 1438 970 1474 diu
989 1437 1055 1473 fuit
1078 1436 1310 1486 gliscentibus
1335 1437 1432 1472 vitiis
1458 1435 1555 1471 vela-

168 1500 260 1522 men.
282 1487 439 1535 Erupere
463 1488 607 1524 tandem
622 1488 707 1524 luxu
723 1520 730 1531 ,
754 1489 905 1525 libidine
921 1517 928 1531 ,
957 1491 989 1524 ὃς
1010 1486 1262 1536 impotentiori
1289 1486 1325 1520 in
1342 1486 1415 1522 dies
1433 1497 1555 1521 amore

170 1536 356 1572 Berenices
372 1537 384 1555 ⁶
403 1566 412 1580 ,
438 1550 517 1586 qut-e
532 1551 608 1575 non
632 1539 744 1574 modo
761 1539 912 1575 Romam
928 1549 1074 1574 venerat
1091 1564 1098 1576 ‚
1126 1540 1158 1573 δε
1185 1536 1220 1571 in
1242 1536 1416 1585 palatium
1443 1535 1556 1571 fuerat

169 1588 335 1634 recepta⁷
352 1615 362 1630 ‚
392 1587 451 1624 sed
480 1591 513 1624 ὃς
541 1589 573 1624 ei
599 1587 702 1623 Titus
726 1589 867 1637 nuptias
882 1588 1068 1637 pollicitus
1082 1586 1259 1623 ferebatur
1287 1586 1312 1620 ³.
1335 1585 1448 1628 Urbs,
1472 1584 1555 1619 bar-

170 1635 295 1671 barum
323 1636 476 1673 dedecus
501 1637 632 1679 exosa,
651 1639 839 1675 verebatur
867 1638 984 1674 adhuc
1013 1651 1058 1673 ne
1076 1647 1193 1673 cetera
1221 1635 1439 1672 Neronianae
1466 1634 1556 1669 aulae

170 1685 263 1721 mala
297 1686 462 1722 redirent.
488 1687 584 1722 Tum
612 1688 708 1723 enim
731 1689 837 1724 Titus
863 1688 907 1723 ad
935 1687 1089 1724 mediam
1116 1688 1257 1722 nostem
1285 1683 1557 1721 comessationes

170 1748 251 1771 cum
272 1735 506 1784 profufilsimo
532 1749 678 1786 quoque
694 1737 923 1773 familiarium
947 1736 1185 1777 extendebam
1217 1736 1307 1771 inter
1329 1734 1558 1771 exoletorum

172 1788 206 1820 δε
235 1785 435 1833 spadonum
464 1799 587 1835 greges
609 1787 785 1836 frequens.
809 1787 925 1824 Foeda
953 1799 1100 1837 quoque
1135 1785 1330 1833 rapacitate
1371 1783 1558 1819 constabat

173 1847 254 1870 eum
269 1835 305 1869 in
320 1834 594 1885 cognitionibus
616 1838 723 1885 patris
750 1837 942 1873 nundinari
962 1836 1208 1886 prccmiarique
1228 1834 1373 1869 solitum
1393 1835 1419 1869 ⁹.
1437 1832 1558 1868 Invisa

173 1888 206 1920 ὃς
235 1885 369 1922 stcvitia
393 1913 404 1930 ‚
443 1887 524 1922 cum
550 1886 748 1936 suspectum
770 1900 967 1938 quemque,
993 1889 1026 1923 ὃς
1042 1884 1249 1935 oppositum
1269 1883 1355 1927 sibi,
1376 1883 1557 1920 violenter

210 1999 216 2010 ¹
237 1992 489 2024 [inritum-me]
512 1994 557 2021 De
575 1994 627 2028 qua
641 1994 704 2021 vide
715 1994 845 2021 Tacitum
887 1993 959 2022 SAR
974 1993 1071 2021 AVG.
1086 1995 1114 2021 F.
1124 1990 1489 2024 DOMITIANVSCapur
1498 1989 1559 2017 Do-

172 2028 201 2053 in
222 2027 336 2064 Dialog.
358 2027 392 2053 dc
415 2027 496 2055 Orat.
520 2029 574 2056 IX.
596 2033 622 2057 &
635 2029 798 2057 Suetonium
817 2031 845 2056 in
886 2030 1004 2057 mitiani.
1024 2030 1057 2056 In
1071 2029 1165 2056 aversa
1180 2037 1253 2061 parte
1263 2028 1386 2054 Sarmata
1397 2024 1559 2065 genuflexus

172 2061 333 2095 Vespasiani.
350 2061 465 2090 XVIII.
886 2065 903 2092 si
926 2074 989 2091 num
1000 2065 1119 2091 militare
1137 2063 1261 2091 restituit.
1282 2061 1357 2089 Infra
1371 2060 1458 2088 COS.
1475 2059 1512 2087 V.
1531 2059 1559 2087 id

209 2105 219 2117 ²
239 2097 337 2128 Juvm·
359 2101 546 2130 Exrtnutaiz]
563 2098 732 2133 Habitusque
743 2099 846 2126 Dialo-
885 2074 923 2127 effi
946 2099 1035 2131 consul
1054 2099 1185 2132 quintium.
1208 2098 1268 2124 Hoc
1288 2107 1361 2124 anno
1374 2094 1466 2124 consul
1479 2095 1560 2128 quin-

172 2140 222 2166 gus
232 2131 265 2159 de
277 2131 454 2161 Oratoribus,
465 2132 555 2160 editus
568 2133 642 2167 supra
653 2143 732 2167 p.119
742 2133 844 2167 &seqq.
886 2136 944 2161 tum
961 2133 1086 2161 suffectus
1101 2133 1151 2160 fuit
1162 2133 1354 2160 Domitianus.

209 2175 217 2192 ³
239 2167 368 2197 Juvems
391 2176 553 2195 ADMODUM
580 2171 589 2199 ]
617 2169 707 2195 Tacit.
732 2169 844 2202 Dialog.
923 2175 930 2190 ἱ
957 2168 1123 2199 ΑεοΝτιᾹ]
1143 2168 1276 2195 Acontias
1293 2167 1399 2196 stellas,
1422 2164 1509 2197 (seu,
1530 2172 1561 2192 ut

172 2201 207 2229 de
229 2201 310 2229 Orat.
332 2202 355 2229 I.
382 2201 451 2228 Inde
464 2210 539 2235 patet
557 2203 765 2237 Quintilianum
776 2223 782 2232 ‚
801 2204 846 2236 qui
886 2204 974 2232 vcriiis
988 2204 1139 2237 loquimur,
1153 2210 1273 2230 cometas
1287 2204 1296 2233 )
1313 2201 1436 2228 Romani
1448 2199 1539 2227 dixere
1552 2219 1558 2227 ,

172 2237 288 2263 alterum
306 2240 333 2263 δε
351 2236 512 2264 tricesimum
526 2239 613 2265 aetatis
630 2247 733 2265 annum
748 2238 846 2272 attige-
887 2239 924 2267 ob
935 2239 1014 2272 jaculi
1029 2238 1154 2265 formam.
1174 2237 1245 2264 Plin.
1261 2237 1287 2263 ΙΙ
1303 2246 1362 2270 ,z5.

175 2270 442 2302 rat‚n011effchuius
454 2271 557 2306 dialogi
573 2273 724 2300 auctorem.
739 2272 847 2300 Contra
923 2277 933 2292 ⁶
951 2274 1140 2305 BERENICES]
1164 2273 1208 2300 De
1222 2271 1274 2306 qua
1283 2271 1388 2300 dietum
1401 2268 1559 2304 suprtiHist.

176 2307 239 2333 vero
253 2307 360 2339 juvenis
373 2306 524 2334 admodum
544 2308 658 2336 Tacitus
668 2328 675 2337 ,
692 2317 756 2335 tunc
766 2308 847 2336 oeto-
888 2309 916 2336 11

176 2338 265 2367 decIm
279 2341 385 2368 circiter
394 2351 481 2368 annos
493 2351 582 2370 natus.
926 2328 936 2365 '7
954 2329 1110 2374 ᾗεεεΡΤΑ]
1125 2342 1183 2369 Dio
1193 2363 1200 2372 ,
1213 2341 1331 2371 LXVI,
1351 2349 1412 2375 pag.
1424 2348 1484 2371 752-

211 2382 223 2398 ⁴
243 2375 357 2403 M1ssus
381 2379 455 2408 ast]
475 2377 553 2405 Hanc
575 2377 780 2412 expeditionem
799 2377 849 2404 tes-
926 2377 935 2393 ἓ
952 2379 1158 2410 FEREBATUR]
1183 2377 1296 2405 Sueton.
1313 2378 1341 2404 in
1352 2377 1409 2404 Tit.
1426 2372 1496 2402 VH.

177 2414 268 2436 tantur
279 2411 383 2437 nummi
397 2412 494 2442 multi,
516 2411 568 2441 hoc
582 2423 656 2442 anno
674 2413 739 2443 cuii.
754 2412 850 2441 CAE-
924 2414 934 2431 ⁹
957 2413 1123 2445 Sourum]
1144 2413 1257 2441 Sueton.
1274 2412 1343 2440 ibid.

304 2456 426 2506 Tom.
444 2460 475 2509 I
477 2458 540 2510 Is.
1219 2462 1291 2502 Kk
1303 2461 1326 2498 1<
