1952 2708
388 136 481 176 226
630 126 831 169 NOTAE
871 124 952 168 ET
989 125 1523 172 EMENDATIONES

439 208 699 247 ELOQUENTIA
717 232 728 249 ,
757 217 973 242 PRAESIDIUM
998 209 1015 252 ]
1044 204 1100 241 Ita
1137 214 1274 242 veteres
1311 206 1501 244 editiones.
1531 207 1591 244 Sic
1628 221 1771 261 quoque

386 256 551 308 placebat
577 255 759 292 Acidalio.
785 255 923 291 Frustra
946 254 1079 304 Lipfius
1106 257 1138 291 &
1161 256 1416 301 Recentiores,
1447 259 1639 307 eloquentiae.

434 308 517 344 VEL
544 318 584 342 IN
613 317 770 342 summo
793 309 810 352 ]
842 305 967 342 Mallet
991 306 1260 354 Muretus,five
1279 309 1311 341 in
1330 310 1467 355 judicio.

435 356 509 392 Col
540 367 656 393 PARTI
682 361 699 403 ]
729 356 785 392 Ita
805 356 882 392 Mff.
908 355 1026 393 Vatie.
1054 355 1189 404 Lipsius
1213 359 1246 392 &
1270 357 1513 394 Recentiores.
1537 359 1635 395 Male
1656 360 1772 398 editio

384 407 577 458 princeps,
602 409 652 442 cui
672 409 795 453 partim
811 422 824 442 :
854 405 950 444 unde
969 405 1187 443 Puteolanus
1214 408 1248 442 &
1271 405 1333 443 alii
1349 431 1358 448 ‚
1383 410 1433 442 cui
1457 409 1643 455 praesercz'm.

441 507 549 544 CAP.
575 508 640 546 VI.
667 507 761 545 Uno
792 519 937 550 AttQuo
958 510 975 552 ]
1003 505 1060 543 Ita
1083 506 1160 543 Mss.
1182 506 1301 544 Vatic.
1326 510 1360 544 &
1379 507 1424 543 fic
1446 508 1614 557 placebat
1631 508 1774 545 Schurz-

385 558 562 596 fleischio.
587 558 631 595 In
655 558 754 594 libris
778 558 881 594 editis
909 570 968 591 zeno
994 559 1112 593 aliove.
1134 556 1243 593 Unde
1273 558 1435 594 tentabat
1462 559 1697 604 Gronovius,
1726 561 1778 596 al·-

387 621 507 646 zerove.
532 610 637 644 Unum
662 610 799 657 aliquem
820 609 900 650 ditm
924 606 1015 642 dixit
1036 606 1203 650 Tullius,
1228 607 1292 645 lV.
1319 607 1358 643 in
1376 610 1536 647 Verrem.

431 659 587 695 Domum
613 670 716 695 SUAM
737 663 754 705 ]
782 658 838 694 Ita
860 656 936 692 Mff.
960 657 1080 694 Vatic.
1103 658 1201 693 Suam
1217 684 1227 701 ,
1255 657 1350 694 abest
1374 671 1394 695 a
1421 658 1520 694 libris
1541 659 1657 697 editis.

436 709 576 751 NEQUE
609 719 743 744 omnen
762 711 778 754 ]
811 706 877 743 Ms.
903 706 1023 744 Vatic.
1052 709 1151 744 1862
1165 737 1173 750 ‚
1201 720 1262 743 non
1279 707 1386 755 officii.
1405 710 1551 746 Veteres
1569 709 1748 746 editiones
1762 736 1774 755 ‚

383 773 479 808 neque
500 758 610 806 officiis
631 760 768 806 alicujus
788 756 1061 804 administrandis.
1095 756 1210 806 Quod
1233 757 1413 807 probabat
1433 758 1744 797 Schurzfleischius
1763 773 1774 796 ε

384 809 446 847 sed
469 822 537 858 pro
560 810 695 857 alicujus
716 807 879 844 tentabat
897 808 994 843 alius.

429 861 504 896 SIBI
534 870 597 894 1P51
629 870 725 893 DARI
750 862 768 904 ]
797 856 936 893 Frustra
959 857 1196 899 Gronovius,
1226 859 1285 894 tihi
1307 859 1375 906 ipsi.

434 910 550 946 ILLos
578 920 777 950 QUINIMMO
798 911 816 953 ]
848 907 925 943 Mss.
948 908 1069 945 Vatic.
1099 909 1199 944 1862
1223 911 1256 944 ὃς
1284 911 1384 957 1518
1400 939 1408 952 ,
1432 909 1517 957 istos.

432 959 490 995 ET
519 970 716 996 POTENTEs
738 963 757 1006 ]
782 957 838 994 Ita
860 957 995 1008 Lipfius
1023 971 1042 995 e
1071 957 1142 994 Ms.
1176 957 1318 995 Absunt
1344 959 1389 995 ab
1424 958 1646 996 editionibus
1669 967 1772 996 vete-

379 1009 488 1048 sibus.

431 1059 617 1096 Homnffis
646 1070 818 1095 VETERES
839 1062 858 1105 ]
885 1058 1071 1094 Acidalius
1096 1057 1238 1094 delebat
1258 1070 1390 1097 veteres.

429 1109 550 1146 Uizssis
580 1112 770 1154 GRATIA]
798 1108 858 1144 Sic
888 1108 1051 1145 Pithoeus
1080 1111 1115 1145 δε
1141 1108 1384 1146 Recentiores.
1418 1108 1462 1145 In
1489 1109 1564 1146 ΜΠ.
1594 1109 1713 1147 vatic.
1738 1111 1773 1146 ὃς

380 1159 602 1198 editionibus
627 1158 828 1202 veteribus,
854 1159 949 1194 orbis.
1629 1174 1633 1178 ·

435 1212 558 1257 QUOD
589 1221 768 1246 oPTxMUM
794 1220 849 1245 slT
874 1212 893 1256 ]
922 1207 1021 1245 Male
1055 1217 1170 1245 tentat
1193 1208 1430 1252 Gronovius,
1460 1209 1493 1245 id
1527 1209 1609 1260 quod
1633 1208 1719 1256 apud
1742 1219 1774 1245 te

372 1260 421 1307 fit
435 1287 445 1302 ‚
465 1262 500 1307 ft
522 1273 583 1295 non
605 1261 728 1295 hahere.

433 1311 558 1357 QUOD
586 1321 770 1346 GAUDIUM
791 1313 809 1355 ]
840 1308 916 1344 ΜΠ.
943 1307 1063 1346 Vatic.
1089 1308 1170 1356 quod
1193 1310 1228 1345 id
1249 1309 1417 1357 gaudium.

431 1361 753 1402 ADSISTENDIQUE
774 1362 791 1407 ]
819 1358 947 1395 Mallet
971 1357 1135 1394 Ernestus
1150 1385 1161 1403 ,
1191 1359 1383 1406 dicendique.

428 1411 713 1446 CIRCUMFUNm
740 1421 876 1445 coRAM
901 1412 919 1454 ]
950 1407 1136 1444 Acidalius
1158 1411 1192 1445 &
1217 1408 1380 1446 Schelius
1401 1407 1574 1453 mallent,
1601 1420 1771 1444 coronam:

380 1460 554 1510 probavit
576 1458 764 1502 Ernestus,
794 1462 828 1494 ὃς
848 1458 972 1495 edidit.

438 1511 726 1557 QUEMCUMQUE
753 1520 914 1545 ORATOR
944 1520 1137 1546 INDUERIT
1162 1512 1181 1554 ]
1212 1508 1269 1544 Ita
1303 1507 1439 1556 Lipsius
1467 1510 1501 1543 δε
1528 1506 1772 1545 Recentiores.

381 1558 426 1595 In
450 1559 629 1597 veteribus
651 1558 896 1603 editionibus,
926 1573 1119 1609 quacumque
1143 1570 1250 1594 orator
1274 1559 1451 1594 induxerit.
1473 1557 1601 1594 Mallet
1623 1558 1773 1594 Schurz-

381 1609 562 1646 fleischius
578 1637 586 1652 ‚
615 1623 807 1658 quacumque
833 1622 941 1645 orator
966 1611 1146 1658 respexerit.

435 1661 660 1696 PERCENSEO
684 1663 702 1705 ]
733 1660 832 1696 Bene
856 1659 1035 1697 editiones
1056 1670 1192 1697 veteres
1210 1661 1245 1696 &
1268 1658 1496 1696 recentiores.
1521 1657 1620 1694 Male
1639 1658 1676 1693 in
1697 1670 1774 1695 me-

381 1709 450 1746 diis
474 1709 709 1759 quibusdam,
732 1723 839 1755 parva
862 1711 974 1757 censeo·

430 1760 600 1796 ADFERT
626 1764 894 1806 ORATIONEM]
921 1760 980 1796 Sic
996 1759 1080 1794 libri
1097 1771 1222 1796 omnes
1239 1758 1339 1795 editi.
1358 1759 1403 1794 In
1418 1757 1486 1794 Ms.
1505 1756 1623 1795 Vatic.
1648 1758 1770 1802 1862,

377 1810 513 1857 profert.
538 1809 604 1845 Ms.
627 1809 748 1846 Vatic.
772 1811 874 1858 4498
890 1837 900 1853 ,
921 1810 1002 1858 fert.
1028 1809 1097 1846 Ms.
1117 1809 1236 1846 vatic.
1267 1810 1365 1857 1518
1383 1839 1390 1851 ‚
1412 1807 1566 1855 proferre.

430 1860 738 1896 TREPIDATIONE
768 1863 920 1907 ANIMI]
949 1859 1004 1896 Ita
1034 1859 1192 1895 Pichena
1228 1862 1261 1895 ὃς
1297 1858 1530 1895 Recentiotes
1558 1869 1694 1893 omnes·
1724 1855 1769 1893 In

381 1909 458 1945 Mss.
480 1909 598 1948 Vatic.
619 1912 653 1946 &
671 1909 894 1947 editionibus
913 1908 1093 1946 veteribus
1106 1936 1117 1952 ,
1146 1912 1282 1944 animus.

428 1959 521 1995 ΝΛΜ
550 1972 591 1996 m
618 1971 779 1996 INGENIO
802 1963 820 2005 ]
849 1959 947 1998 Bene
971 1959 1128 1995 Pithoeus
1152 1961 1186 1996 ὃς
1214 1957 1410 1994 Acidalius.
1437 1956 1646 2006 Praepofitio
1671 1956 1768 1993 abest

380 2020 402 2045 a
423 2009 602 2046 veteribus
621 2009 854 2046 editionibus.

434 2061 673 2106 QUAMQUAM
700 2071 790 2095 ALIA
820 2071 890 2097 DIU
914 2062 932 2105 ]
963 2058 1090 2095 Mallet
1117 2057 1305 2103 Ernestus,
1334 2070 1526 2107 quamquam
1556 2058 1675 2100 utilia,
1707 2056 1768 2093 vel

382 2111 538 2153 utiliora,
564 2124 631 2159 (μιν.
650 2111 815 2158 serantur.

433 2208 540 2245 CAP.
566 2210 651 2248 VII.
679 2211 740 2248 DE
770 2223 823 2247 ME
850 2222 927 2247 112513
954 2214 1142 2256 FATEAR]
1167 2209 1223 2245 Ita
1240 2208 1419 2245 editiones
1437 2215 1573 2242 veteres
1591 2207 1624 2241 &
1641 2216 1764 2240 recen-

379 2258 500 2295 tiores.
527 2260 569 2294 In
596 2261 673 2297 Mff.
699 2261 818 2299 Vatic.
849 2264 882 2297 ὃς
906 2260 1127 2297 editionibus
1146 2259 1295 2299 mediis,
1325 2259 1362 2293 de
1383 2271 1431 2292 me
1454 2257 1529 2302 ipſs).

430 2309 525 2344 Tum
553 2322 704 2346 HABERE
735 2324 843 2353 QUOD
873 2323 913 2347 IN
941 2324 1006 2353 SE,
1036 2322 1119 2345 NON
1148 2321 1189 2344 IN
1218 2320 1336 2350 Amo,
1363 2308 1547 2350 ORITUR]
1573 2303 1631 2339 Sic
1649 2315 1765 2339 emen-

381 2356 480 2395 davit
506 2358 633 2396 illustr.
663 2360 818 2398 Huetius
840 2375 849 2399 :
873 2360 1012 2410 optime
1033 2358 1201 2408 quidem,
1230 2361 1263 2395 ὃς
1285 2356 1459 2408 aptissime
1486 2354 1531 2391 ad
1552 2366 1670 2392 mores
1698 2354 1763 2390 hu-
