1952 2708
382 151 466 197 146
606 145 653 185 C.
721 144 1158 187 CORNELII
1219 143 1526 187 TACITI

374 241 447 282 pro
474 223 668 266 sententia
692 226 888 282 positum,
915 225 982 280 effi
998 228 1197 273 rideatur.
1224 229 1333 268 Nam
1360 231 1400 269 ὃς
1423 229 1503 269 hoc
1530 228 1677 269 invitus
1696 243 1758 270 re-

373 287 475 339 tuli,
508 293 548 329 ὅ(
576 289 689 345 plura
716 291 852 341 omisi,
883 306 965 344 quae
990 305 1124 332 tamen
1149 289 1232 331 sola
1261 292 1453 332 mirantur
1479 304 1595 346 atque
1623 294 1755 348 expri-

373 365 490 393 munt
515 353 586 403 hi,
613 353 741 407 quise
774 355 957 407 antiquos
991 367 1167 394 oratores
1197 367 1368 394 vocant:
1399 356 1600 396 neminem
1624 357 1757 396 nomi-

373 414 507 466 nabo,
535 430 659 470 genus
690 417 900 456 hominum
926 417 1086 471 signasse
1113 429 1351 457 contentus:
1381 417 1448 457 sed
1478 417 1592 459 vobis
1618 420 1757 472 utique

372 479 577 519 versantur
601 492 693 520 ante
716 479 857 520 oculos
870 508 883 529 ‚
914 481 980 533 qui
1011 478 1214 520 Lucilium
1241 495 1312 535 pro
1336 481 1511 520 Horatio
1536 486 1546 502 ¹
1564 511 1576 531 ,
1607 485 1647 522 &
1672 481 1756 521 Lu-

373 543 543 581 cretium
570 557 642 598 pro
667 542 842 598 Virgilio
871 546 884 562 ²
909 541 1072 597 legunt:
1105 542 1245 596 quibus
1270 542 1501 596 eloquentia
1526 545 1585 583 tui
1605 545 1756 585 Aufidii

372 603 498 655 Bam,
532 619 599 646 aut
625 605 786 646 Servilii
807 607 990 646 Noniani
1017 611 1057 656 ³,
1085 621 1136 646 ex
1161 608 1461 662 comparatione
1486 606 1659 647 Sisennae
1689 620 1757 648 aut

372 668 562 709 Varronis
581 673 600 696 4
618 668 772 709 sordet:
795 670 861 722 qui
882 670 1088 709 rhetorum
1108 670 1331 710 nostrorum
1353 671 1663 711 commentarios
1684 670 1756 711 fas-

369 731 544 782 tidiunt,
573 732 744 773 oderunt
759 761 771 783 ,
799 730 916 772 Calvi
938 733 1152 773 mirantur:
1176 748 1274 787 quos
1293 748 1403 774 more
1423 733 1553 788 prisco
1572 733 1676 789 apud
1696 731 1757 785 ju·-

369 794 502 835 dicem
530 794 752 836 fabulantes
780 800 821 846 5,
850 811 932 836 non
959 796 1158 837 auditores
1188 797 1434 850 sequuntur,
1465 811 1548 837 non
1580 795 1752 852 populus

369 857 503 908 audit,
526 860 594 898 vix
614 859 785 913 denique
807 857 987 913 litigator
1005 861 1242 916 perpetitur:
1266 860 1366 900 adeo
1388 861 1505 899 maesti
1527 863 1566 900 &
1587 858 1754 910 inculti,

367 919 480 961 illam
504 922 627 977 ipsam
657 937 775 976 quam
797 920 942 974 jaelant
964 923 1170 964 sanitatem
1187 952 1199 973 ,
1223 938 1305 963 non
1327 924 1512 963 firmitate
1537 921 1580 972 ⁶,
1610 923 1676 963 sed
1697 921 1755 974 je-

364 980 505 1035 junio,
535 985 845 1039 consequuntur.
871 987 996 1026 Porro
1024 1001 1074 1026 ne
1101 988 1141 1026 in
1170 1001 1340 1042 corpore
1366 987 1525 1040 quidem
1555 984 1753 1026 valetudi-

364 1060 457 1086 nem
481 1048 627 1089 medici
650 1048 821 1103 probant
836 1078 849 1098 ,
877 1064 959 1102 qua:
979 1050 1101 1089 animi
1123 1051 1323 1090 anxietate
1347 1050 1549 1104 contingit
1564 1078 1578 1098 ,
1612 1063 1752 1105 parum

362 1110 417 1148 est
444 1125 589 1164 aegrum
626 1126 708 1151 non
734 1111 838 1161 effe,
872 1112 1044 1162 fortem,
1079 1116 1118 1153 &
1151 1111 1311 1162 loerum,
1348 1117 1389 1153 δε
1417 1111 1590 1153 alacrem
1626 1111 1750 1153 volo:

365 1173 494 1228 prope
520 1173 624 1214 abest
648 1174 695 1214 ab
721 1175 948 1216 infirmitate
963 1205 975 1225 ‚
1004 1177 1044 1215 in
1069 1190 1149 1229 quo
1173 1174 1258 1216 sola
1279 1176 1421 1216 sanitas
1449 1174 1643 1216 laudatur.
1663 1178 1751 1217 Vos

363 1238 461 1275 vero
475 1266 487 1286 ‚
518 1237 753 1277 disertissimi
769 1267 782 1288 ,
816 1251 861 1278 ut
883 1239 1068 1294 potestis,
1098 1252 1142 1278 ut
1164 1238 1294 1279 facitis
1308 1267 1320 1288 ,
1350 1237 1540 1298 illustrate
1563 1237 1752 1279 saeculum

363 1300 539 1339 nostrum
559 1299 832 1355 pulcherrimo
857 1316 1003 1357 genere
1024 1301 1198 1343 dicendi,
1229 1303 1338 1344 Nam
1363 1306 1403 1342 ὅ(
1435 1315 1475 1342 te
1499 1331 1513 1353 ,
1542 1301 1710 1343 Messala
1734 1331 1750 1352 ,

362 1442 412 1474 hic
428 1443 462 1475 ὃς
477 1445 558 1484 apud
574 1446 820 1484 Quintilianum,
829 1447 947 1487 Institnt.
957 1448 1037 1478 Orar.
1079 1448 1187 1485 creber,
1202 1449 1254 1488 sed
1272 1448 1362 1477 minus
1387 1448 1486 1488 preffiis
1506 1471 1516 1486 ‚
1536 1449 1613 1487 [μιάνῃ
1635 1448 1750 1488 historice

362 1483 424 1519 IX,
437 1495 475 1519 4,
497 1485 619 1516 Gallice
639 1486 770 1516 dicimus
782 1487 948 1526 uneplzrase.
1078 1488 1225 1518 aneiorims
1241 1488 1365 1527 postulat.
1386 1488 1479 1527 Quam
1492 1511 1501 1524 ‚
1525 1487 1645 1524 paullum
1668 1497 1751 1517 aetare

405 1527 413 1541 ¹
439 1524 603 1554 LuciriuM
627 1536 687 1556 PRO
708 1526 879 1565 ΗΘΜ-ΠΟ]
909 1527 1039 1565 Quinti-
1075 1527 1234 1564 praecedens
1258 1538 1316 1556 eum
1344 1527 1439 1566 Baffizs
1452 1526 1598 1565 Aufidius,
1614 1527 1722 1567 egregie
1738 1550 1749 1565 ,

362 1559 464 1592 §ianus
481 1586 490 1599 ‚
518 1563 636 1602 Institur.
670 1564 754 1594 Orar.
783 1566 811 1595 X
829 1588 838 1601 ‚
866 1577 890 1595 1.
913 1566 1039 1596 Lucilius
1078 1567 1166 1606 utique
1186 1568 1213 1597 in
1232 1567 1309 1596 libris
1321 1563 1387 1595 belli*
1396 1566 1555 1596 Germanici
1569 1590 1578 1602 ,
1597 1566 1723 1606 praestitit
1738 1590 1748 1602 ,

362 1601 487 1639 quostiam
507 1602 546 1631 ita
562 1602 665 1632 deditos
681 1603 738 1643 fibi
752 1604 840 1633 adhuc
863 1604 943 1634 habet
961 1617 1039 1635 ama-
1073 1617 1175 1646 genere
1197 1607 1249 1645 ipfi)
1259 1606 1417 1643 probabilis
1438 1606 1466 1635 in
1490 1605 1612 1635 omnihus
1628 1629 1637 1642 ‚
1651 1605 1747 1644 sedin

363 1648 437 1668 tores
459 1664 468 1677 ,
487 1650 515 1669 ut
545 1653 603 1671 eum
630 1653 683 1672 non
700 1643 811 1682 ejusdem
827 1644 902 1674 moda
922 1646 1010 1682 operis
1029 1670 1037 1683 ‚
1077 1645 1230 1684 quibusdam
1239 1646 1301 1684 ficis
1315 1646 1367 1684 ipſse
1381 1645 1485 1674 viribus
1502 1645 1599 1674 minor.
1623 1645 1669 1675 De
1681 1647 1748 1675 Ser-

353 1679 407 1723 sed
429 1680 552 1709 omnihus
575 1683 661 1719 poetis
685 1682 812 1719 praeserre
832 1694 884 1712 non
905 1683 1037 1715 dubitent.
1078 1685 1155 1715 vilio
1167 1685 1319 1716 Noniano
1333 1685 1420 1724 plura
1441 1685 1514 1715 vide
1536 1684 1623 1723 supra
1633 1684 1747 1714 Annal-

361 1717 424 1757 Ego
448 1722 579 1758 quantam
598 1721 631 1749 ab
650 1721 706 1750 illis
721 1746 729 1759 ‚
750 1724 855 1751 tannim
873 1723 907 1752 ab
923 1724 1037 1753 Horatio
1076 1726 1117 1755 VI
1130 1749 1138 1761 ,
1157 1735 1202 1762 31.
1219 1726 1252 1755 &
1269 1726 1340 1755 XIV
1356 1748 1366 1761 ‚
1393 1735 1438 1760 19.

359 1757 481 1797 diſjentio
501 1784 511 1797 ‚
532 1760 576 1798 qui
603 1761 764 1792 Lucilium
787 1763 883 1793 fluere
897 1763 1037 1794 lutulen—
1115 1769 1130 1787 4
1149 1766 1283 1794 &sennia
1310 1774 1372 1794 Αυτ
1391 1767 1557 1795 VARRorus
1577 1762 1592 1798 ]
1631 1764 1748 1793 Varro-

360 1805 445 1835 tum‚
465 1798 494 1827 C*
515 1799 571 1829 effe
590 1800 728 1839 aliquid,
747 1803 833 1840 quod
846 1803 957 1833 tollere
971 1803 1037 1842 pos-
1075 1813 1148 1833 nem
1160 1827 1169 1839 ‚
1189 1805 1406 1833 Romanorum
1422 1801 1654 1833 eruditiffimum
1668 1824 1677 1838 ‚
1692 1812 1748 1832 ne-

360 1835 397 1866 fis
408 1861 417 1873 ,
431 1847 523 1873 putat.
539 1839 615 1869 Nam
630 1839 659 1868 [r
673 1839 787 1870 eruditio
803 1842 831 1870 in
847 1852 876 1870 eo
893 1843 963 1870 mira
975 1865 984 1878 ‚
1007 1842 1037 1872 Cr
1075 1852 1127 1873 mo
1146 1853 1212 1872 non
1230 1842 1332 1872 novit.
1349 1842 1475 1873 Sisenna
1486 1865 1493 1877 ‚
1512 1841 1596 1871 idem
1612 1841 1653 1870 est
1671 1863 1680 1877 ‚
1709 1841 1748 1871 de

360 1875 475 1906 libertas
493 1901 502 1913 ‚
525 1887 605 1917 atque
627 1878 691 1908 inde
707 1879 866 1916 acerbitas,
885 1880 914 1910 θ’
932 1882 1038 1911 abunde
1055 1878 1139 1935 ‘quo
1169 1882 1383 1919 Quintilianus
1410 1905 1419 1918 ‚
1450 1880 1539 1919 Instir.
1558 1879 1639 1909 Orat.
1660 1881 1693 1917 1,
1718 1890 1748 1920 5.

352 1915 434 1953 salis,
454 1916 545 1946 Multa
563 1917 598 1956 est
616 1918 708 1957 terstor
728 1929 761 1947 ac
772 1929 858 1956 purus
871 1922 961 1960 magis
976 1921 1037 1949 Ho-
1076 1921 1192 1960 Sisenna
1204 1921 1275 1949 dixit
1289 1944 1298 1958 ,
1316 1921 1434 1961 affenrio.
1453 1922 1486 1951 ὃς
1498 1921 1570 1950 VIII
1584 1943 1592 1955 ‚
1611 1929 1635 1956 3.
1651 1917 1747 1949 Coeci-

360 1955 468 1998 rarius,
486 1956 515 1985 ὓ·
527 1956 563 1985 ad
575 1957 710 1987 notandos
725 1958 859 1988 hominurn
869 1970 1037 1997 moresprae-
1075 1959 1128 1989 lius
1153 1971 1186 1989 ac
1208 1959 1325 1998 Sisenna
1359 1959 1450 1998 primi
1478 1959 1584 1988 dixere
1602 1982 1610 1993 ‚
1644 1957 1749 1988 albenti

359 2003 466 2030 τιμία-ν.
1075 1999 1150 2028 coelo.
1172 1999 1277 2030 Paucis
1289 2001 1366 2030 vero
1379 1999 1512 2029 Sisennae
1531 1998 1673 2028 indolem
1694 2008 1748 2027 ex-

402 2038 413 2051 2
436 2036 627 2066 Lucnfrrum
650 2048 711 2068 PRo
728 2038 906 2074 Vmoruo]
922 2039 1035 2078 Neque
1074 2039 1172 2077 preffit
1185 2039 1297 2070 Cicero
1308 2063 1317 2075 ‚
1331 2040 1368 2070 de
1380 2038 1468 2068 claris
1480 2037 1744 2075 Oratoribus‚cap-

360 2072 461 2115 adhuc
488 2076 690 2106 Lucretianus
716 2076 770 2106 ille
797 2076 888 2107 favor
913 2079 1034 2116 penitus
1075 2082 1123 2115 64.
1154 2077 1190 2108 L.
1213 2078 1331 2116 Sisenna
1359 2102 1369 2115 ‚
1397 2077 1487 2107 donus
1511 2076 1572 2112 vir,
1598 2075 1746 2115 &studiis

359 2113 529 2144 intercidit.
554 2117 587 2144 In
608 2115 746 2153 plurimis
765 2117 892 2154 quidem
916 2118 1034 2148 eminet
1073 2118 1180 2154 optimis
1197 2117 1326 2155 deditus,
1347 2118 1413 2147 bene
1431 2117 1516 2146 latine*
1534 2115 1662 2152 loquens,
1695 2125 1745 2144 na-

359 2151 523 2183 Lucretius
539 2177 548 2190 ,
578 2162 608 2184 at
633 2154 665 2184 in
689 2155 835 2186 omnibus
856 2155 952 2187 ferme
964 2158 1033 2188 Vir-
1073 2167 1119 2185 rus
1135 2157 1289 2193 reipublicae
1302 2181 1311 2194 ,
1330 2168 1384 2187 non
1393 2156 1458 2196 fine
1470 2155 1586 2191 facetiis
1607 2167 1616 2183 -·
1629 2155 1661 2192 se
1690 2165 1744 2183 ne-

359 2189 460 2229 gill'us·
1071 2207 1120 2235 que
1147 2195 1250 2226 laboris
1274 2196 1350 2225 multi
1368 2219 1378 2233 ‚
1406 2205 1456 2223 nec
1472 2193 1546 2233 ffitis
1570 2194 1692 2232 versatus
1712 2194 1743 2223 itz

400 2235 409 2255 3
434 2231 560 2261 Aurium
582 2234 672 2263 Ersm
686 2258 694 2270 ‚
715 2245 775 2264 Αυτ
795 2235 945 2265 Sssnvun
964 2234 1032 2265 No-
1072 2245 1169 2265 cauis.

359 2271 470 2307 ΝΛΜ]
499 2271 545 2300 De
571 2271 615 2301 his
632 2273 752 2303 duobus
780 2273 912 2304 historiae
936 2273 1030 2311 scrip-
1113 2281 1120 2301 5
1144 2274 1372 2309 Firmanus]
1391 2274 1484 2303 Bene.
1502 2275 1584 2304 Nam
1596 2283 1662 2303 non
1675 2282 1744 2302 ora-

358 2308 478 2339 toribus
511 2310 724 2346 Quintilianus
753 2336 762 2348 ,
802 2312 920 2352 institut.
949 2312 1029 2342 Orat.
1069 2315 1169 2350 bant,
1191 2313 1241 2343 sed
1254 2312 1482 2342 fabulabantur.

358 2348 387 2376 X
401 2371 410 2383 ,
432 2358 456 2377 1.
478 2348 786 2380 Serviliuslvonmnus.
802 2374 809 2381 .
822 2375 829 2381 .
847 2353 899 2391 ipse
920 2361 935 2379 a
954 2351 1031 2380 nobis
1106 2354 1119 2371 ⁶
1142 2353 1214 2382 Nou
1248 2362 1422 2382 HRMJTATE
1440 2354 1452 2389 ]
1488 2351 1567 2383 Vide
1587 2352 1688 2383 Notas
1708 2350 1743 2383 &

358 2386 532 2427 auditui-est,
546 2388 614 2419 clari
627 2390 670 2420 vir
683 2391 805 2430 ingenii,
834 2391 864 2421 Cr
881 2391 1031 2430 sententiis
1069 2391 1312 2424 Emendationes
1326 2392 1364 2422 ad
1380 2401 1447 2429 cap.
1464 2401 1515 2429 23.

1785 804 1834 832 10

1784 1116 1831 1154 15
