1952 2708
516 153 1220 200 CHRONOLOGICA.
1454 169 1543 212 445

483 256 619 292 ANNUS
635 256 684 292 U.
703 255 746 291 C.
773 266 990 291 Dcccxxxu.
1048 255 1079 290 J.
1098 257 1134 290 C.
1173 267 1236 302 79.

205 330 436 380 Vespasianus
474 328 653 379 Augustus
675 328 744 372 IX,
768 327 874 364 Titus
892 326 1010 363 Coesar
1039 326 1113 363 VII
1134 328 1298 364 consules
1319 356 1329 372 ,
1361 330 1546 367 continuis

156 381 264 417 ferme
278 379 537 430 magistratibus
555 379 745 429 imperium
764 378 901 414 firmare
919 376 1166 414 intendebant.
1181 377 1274 413 Haec
1285 378 1546 417 dominationis

155 430 271 466 studia
289 431 459 467 Alienum
475 430 658 466 Caecinam
673 432 705 465 &
716 427 864 477 Eprium
877 426 1090 463 Marcellum
1102 427 1139 462 in
1158 440 1272 464 novas
1287 441 1340 464 res
1360 429 1546 478 impulere.

155 481 363 529 Compertis
401 479 558 517 consiliis
584 507 594 524 ,
628 479 754 522 Titus,
773 477 881 526 patris
898 477 1045 513 caritate
1069 476 1206 526 suoque
1225 478 1389 526 periculo
1408 481 1445 515 in
1464 480 1547 515 vin-

157 529 287 566 dietam
304 544 462 580 praeceps
477 559 486 574 ‚
512 529 695 566 Caecinam
713 539 885 565 vocatum
904 527 949 563 ad
969 538 1092 564 cenam
1108 553 1117 568 ‚
1149 539 1192 562 ac
1216 528 1364 564 vixdum
1385 542 1404 565 e
1431 529 1548 565 tricli-

154 580 220 616 nio
248 581 417 630 egressum
451 579 605 617 confodi
641 579 733 628 jussit
762 593 770 614 :
801 578 885 614 sane
905 588 1055 625 urgente
1077 576 1306 620 discrimine,
1331 579 1411 614 cum
1436 579 1545 615 etiam

154 630 437 680 chirographum
471 633 544 674 eius
568 639 775 678 praeparatce
794 628 890 677 apud
905 627 1034 663 milites
1055 626 1318 672 coniurationis
1344 627 1546 675 deprehen-

153 680 257 716 disset
289 682 315 719 ¹2
343 681 455 717 Hunc
481 680 588 716 finem
610 679 738 715 habuit
754 679 922 721 Coccina,
947 677 1029 712 ant‘e
1044 676 1185 713 Vitellii
1203 675 1372 725 proditor
1393 679 1418 713 ².
1444 678 1546 713 Mar-

153 729 265 765 cellus
281 740 399 767 autem
425 742 444 765 a
461 729 582 766 senatu
600 729 839 778 interrogatus
856 726 1113 776 damnatusque
1127 755 1136 770 ‚
1156 727 1254 763 sestis
1275 727 1457 762 novacula
1471 728 1547 762 fau-

153 779 256 815 cibus
272 781 281 799 ³
299 808 308 823 ‚
336 780 448 815 vitam
471 779 591 815 multis
620 779 684 814 sub
700 778 849 815 Nerone
874 777 1048 812 foedatam
1077 777 1224 825 flagitiis
1241 805 1250 820 ‚
1276 789 1374 812 nunc
1401 777 1547 826 persidis

151 828 322 865 adversus
336 829 542 878 Principem
558 829 712 865 amicum
728 829 745 849 4
762 827 918 864 consiliis
936 827 1105 863 infamem
1120 827 1250 863 finivit.

206 879 303 915 Tum
316 879 461 929 quidem
473 879 541 915 fuit
557 879 734 916 securitas.
755 879 803 913 At
818 876 994 924 Principis
1014 876 1189 913 valetudo
1205 879 1213 897 ⁵
1233 877 1469 913 motiunculis
1490 877 1545 913 le-

150 928 255 965 vibus
285 929 321 964 in
339 929 541 977 Campania
562 928 691 965 tentari
707 928 817 976 coepit
844 939 852 961 :
882 926 1030 975 vulgata
1044 925 1159 962 statim
1173 937 1343 975 portenta
1372 940 1381 962 ε
1406 945 1426 958 <c
1443 928 1548 963 Mau-

151 996 171 1010 »
199 979 336 1015 soleum
358 980 538 1015 Caesarum
567 979 760 1026 derepente
784 975 931 1025 patuiffe
952 988 960 1011 :
986 975 1152 1011 crinitam
1179 976 1313 1012 stellam
1347 975 1359 994 ⁶
1391 977 1429 1012 in
1453 976 1546 1013 ezelo

150 1046 170 1059 υ
198 1028 310 1064 visam
326 1047 357 1064 υ.
382 1029 474 1065 Haec
495 1028 640 1078 quidem
657 1027 759 1063 irrisit
776 1026 966 1074 Princeps:
984 1043 1002 1056 <c
1018 1024 1167 1062 alterum
1186 1026 1231 1061 ad
1249 1025 1391 1062 Juniam
1416 1026 1544 1062 Calvi-

149 1095 170 1109 a>
195 1091 276 1114 nam
300 1079 312 1099 ⁷
332 1091 351 1114 e
369 1090 476 1127 gente
496 1077 646 1128 Augusti
667 1078 844 1126 pertinere
868 1094 886 1107 υ
903 1075 1066 1111 άὶξὲίῑᾶηε
1091 1089 1099 1111 ;
1121 1093 1142 1107 ιε
1168 1075 1320 1112 alterum
1337 1075 1382 1111 ad
1395 1076 1547 1112 Partho-

149 1145 172 1159 ω
202 1141 278 1164 rum
292 1141 411 1178 regem
423 1157 433 1172 ‚
458 1128 519 1178 qui
541 1127 729 1176 capillatus
754 1126 836 1163 esset
854 1144 884 1161 ι).
909 1126 952 1160 In
974 1124 1111 1160 Urbem
1127 1135 1246 1162 tamen
1261 1125 1428 1176 regressus
1444 1152 1452 1167 ‚
1470 1126 1547 1161 Cu-

146 1177 244 1214 tilias
259 1179 269 1197 ⁸
285 1191 327 1214 ac
343 1178 495 1214 Reatina
517 1190 595 1213 rura
609 1205 618 1221 ,
645 1176 707 1212 ubi
724 1176 881 1212 aestivare
894 1175 1089 1224 quotannis
1115 1174 1273 1218 solebat,
1293 1175 1409 1223 petiit.
1437 1176 1513 1212 Hic
1532 1203 1543 1219 ‚

148 1227 255 1276 super
268 1239 456 1278 urgentem
482 1227 748 1269 valetudinem,
772 1225 990 1262 creberrimo
1017 1223 1156 1273 frigidae
1173 1237 1274 1273 aquae
1290 1226 1354 1260 usu
1379 1225 1546 1262 intestina

148 1277 306 1314 vitiavit.
331 1278 431 1314 Fess'o
459 1289 548 1313 tunc
574 1290 746 1325 corpore,
780 1275 1042 1312 &imminente
1066 1274 1151 1310 vitae
1172 1275 1338 1323 periculo
1360 1302 1370 1318 ,
1396 1275 1545 1312 caelesti-

149 1326 214 1363 bus
232 1327 434 1364 honoribus
448 1357 455 1369 ,
487 1340 578 1376 quos
598 1327 808 1362 adulatione
836 1324 1002 1361 Romana
1020 1327 1053 1359 ὃς
1070 1324 1148 1359 Titi
1166 1324 1232 1359 filii
1250 1325 1302 1360 sui
1331 1324 1502 1360 industria
1528 1328 1545 1365 ⁹,

149 1378 340 1425 proximos
357 1377 658 1426 pioeseiitiscebat,
672 1375 825 1412 illudens
838 1403 848 1418 ‚
860 1392 879 1406 <c
896 1385 964 1410 ut»
975 1401 984 1416 ,
1004 1373 1140 1422 inquit,
1159 1391 1180 1405 :c
1191 1384 1282 1422 puto
1294 1402 1303 1418 ,
1319 1374 1404 1411 deus
1413 1374 1463 1410 fio
1478 1376 1542 1412 ¹⁰22.

146 1426 297 1463 Interim
315 1427 361 1463 ad
379 1427 611 1475 imperatoria
628 1426 751 1462 munia
764 1426 941 1467 intentus,
964 1423 1056 1472 ipsas
1081 1423 1189 1460 etiam
1203 1424 1402 1474 legationes
1417 1425 1543 1463 audie-

146 1477 208 1512 bat
232 1477 376 1513 cubans.
399 1477 475 1513 Has
504 1477 596 1513 inter
623 1489 723 1512 curas
739 1503 750 1519 ‚
792 1475 892 1511 alvus
922 1483 1068 1523 repente
1096 1473 1206 1522 usque
1232 1474 1278 1509 ad
1303 1474 1541 1512 defessionem

144 1526 276 1563 soluta.
307 1529 363 1564 Ne
392 1539 488 1562 mors
516 1527 665 1563 inertem
693 1526 955 1574 cubantemque
985 1523 1207 1571 opprimeret
1230 1549 1240 1565 ‚
1268 1525 1475 1568 consuluit3
1493 1538 1543 1561 ra-

145 1586 202 1612 tus
232 1595 251 1608 c<
279 1577 538 1625 Imperatorem
569 1576 716 1612 stantem
745 1575 837 1612 mori
858 1585 1028 1624 oportere
1050 1575 1112 1609 ¹¹».
1149 1573 1248 1609 Dum
1271 1574 1477 1624 consurgit,
1499 1588 1541 1612 ac

144 1626 271 1662 nititur
286 1655 295 1669 ,
322 1627 413 1663 inter
444 1639 567 1662 manus
603 1626 868 1662 sublevantium
892 1624 1078 1661 exstinffhls
1098 1623 1145 1660 est
1170 1635 1206 1659 lx
1231 1623 1410 1660 Calendas
1427 1623 1511 1660 Julii
1526 1653 1538 1669 ,

143 1688 277 1711 annum
310 1689 417 1725 agens
443 1677 557 1712 aetatis
576 1676 826 1725 sexageslmum
859 1687 900 1710 ae
924 1686 1083 1715 nonum,
1114 1673 1289 1722 superque
1314 1673 1469 1710 mensem
1495 1687 1537 1711 ac

144 1725 240 1762 diem
258 1726 447 1775 septimum
474 1727 503 1741 ¹²
526 1740 534 1761 :
558 1725 729 1774 Princeps
754 1724 863 1760 animi
885 1723 1134 1772 magnitudine
1156 1751 1164 1766 ‚
1192 1722 1426 1759 consiliorum
1451 1737 1539 1772 pru-

145 1774 290 1821 dentia,
306 1776 535 1826 parcimonia
557 1775 656 1812 simul
675 1779 709 1813 δε
727 1773 996 1826 magnificentia
1019 1773 1122 1822 super
1142 1773 1307 1821 priorum
1328 1772 1539 1823 Principum

181 1901 189 1912 ¹
210 1894 483 1924 Dizpnfflmnxszar
498 1900 507 1928 J
525 1896 637 1924 Sueton.
655 1896 750 1923 iuTir.
766 1894 819 1922 VI.
859 1894 934 1923 fuisse
954 1902 1075 1923 cometas
1088 1895 1143 1926 jam
1156 1893 1323 1921 monuimus.

142 1930 260 1957 Minime
274 1939 365 1958 autem
377 1932 531 1959 audiendus
546 1931 675 1959 Aurelius
700 1931 799 1958 Victor
813 1951 820 1959 ,
897 1937 906 1952 ⁷
924 1931 1044 1964 JumAM
1060 1929 1234 1956 CArvaM
1256 1931 1264 1959 ]
1290 1926 1405 1962 Augusti
1431 1926 1535 1961 abnep-

143 1965 173 1992 in
186 1965 321 1998 Epitome.
348 1967 477 1993 Caecinam
493 1967 654 1998 conficlarem
666 1966 818 1992 adhibitum
859 1975 913 1992 tem
924 1986 931 1995 ,
957 1965 1042 1991 silani
1059 1968 1085 1991 ὃ(
1099 1963 1208 1997 Lepidae
1223 1963 1307 1990 filiam
1320 1983 1327 1992 ,
1345 1962 1379 1989 de
1398 1961 1451 1995 qufi
1463 1962 1535 1989 dixi—

141 2009 218 2030 cenae‚
232 2001 346 2027 vixdum
359 2001 479 2028 triclinio
488 2001 610 2035 egr-efflari
621 2021 628 2029 ,
643 2000 673 2026 ob
686 2000 817 2034 ffispicio-
859 2010 918 2027 mus
946 1999 1022 2032 suprii
1042 1999 1124 2026 Tom.
1138 2000 1159 2026 I.
1182 2007 1244 2032 pag.
1257 2007 1318 2033 473.
1339 1998 1367 2024 in
1383 1998 1536 2024 stemmate

141 2044 200 2062 nem
215 2037 340 2070 stupratae
354 2035 487 2063 Berenices
499 2035 590 2062 uxoris
599 2037 654 2068 suae
666 2055 674 2066 ,
691 2035 821 2070 jugulari
858 2034 1012 2064 Caesarum,
1028 2044 1102 2061 num.
1116 2037 1158 2061 62.

137 2070 221 2105 juffit.
894 2072 902 2087 2
921 2070 1104 2100 Cunrms]
1128 2069 1161 2095 In
1176 2077 1241 2102 agro
1254 2067 1376 2095 Reatino
1389 2075 1465 2095 erant
1477 2067 1537 2094 Cu—

180 2113 189 2124 2
206 2104 401 2136 Pnomroiz]
418 2104 458 2132 Ut
469 2104 589 2133 vidimus
602 2104 678 2137 supra
691 2104 763 2132 Hist.
780 2105 818 2134 ΙΙ,
858 2105 922 2131 tiliae
943 2114 1018 2138 aquae
1040 2125 1047 2134 ‚
1070 2107 1096 2130 &
1111 2103 1224 2130 Cutiliae
1242 2104 1333 2133 lacus,
1347 2113 1419 2130 nunc
1432 2103 1491 2136 lngo
1508 2103 1538 2129 di

146 2149 207 2167 100.
857 2139 1039 2174 Contigliano.
1060 2138 1136 2165 Vide
1153 2137 1291 2167 Plinium,
1305 2138 1349 2164 III
1363 2158 1370 2167 ,
1387 2147 1426 2165 12.
1446 2137 1535 2164 Reate

178 2183 186 2200 3
208 2175 389 2203 NOVACULA
407 2177 582 2206 FAUCIBUS]
606 2174 664 2202 Dio
678 2194 685 2203 ,
708 2174 818 2204 LXVI,
857 2183 945 2201 autem
959 2194 965 2203 ,
988 2183 1059 2200 nunc
1070 2173 1150 2200 Ricti.

140 2219 204 2243 pag.
224 2220 285 2244 752.
891 2215 901 2231 ⁹
924 2210 1100 2236 INDUSTRIA
1115 2211 1125 2239 ]
1151 2207 1192 2234 Ut
1205 2217 1283 2235 nova:
1300 2207 1397 2235 domui
1410 2205 1533 2235 favorem

177 2251 189 2268 ⁴
211 2245 390 2274 PR1NC1PEM
405 2248 555 2276 AMICUM]
571 2244 646 2272 Vide
659 2243 735 2278 supra
746 2244 818 2271 Dia·
857 2247 882 2270 8<
896 2245 1077 2272 reverentiam
1095 2242 1263 2270 conciliaret.

143 2280 198 2312 Iog.
215 2279 248 2307 de
263 2280 440 2308 Orat.VIU.
893 2288 915 2299 ¹0
934 2279 1019 2306 Deus
1046 2287 1096 2305 Ηο
1123 2281 1133 2309 ]
1170 2277 1284 2305 Sueton.
1321 2278 1349 2304 in
1371 2276 1531 2310 vesparum,

181 2321 189 2337 ³
208 2313 370 2343 PRmciPls
389 2323 555 2342 VALETUDO
580 2318 590 2346 ]
613 2315 678 2343 Haec
698 2317 725 2342 &
744 2313 815 2348 seqq.
856 2314 973 2341 XXIII.

143 2347 292 2377 Suetonius
306 2351 334 2377 in
348 2349 506 2384 Vespaiian.
523 2350 640 2377 XXIV.
892 2355 913 2366 ¹¹
936 2348 1109 2376 01³0RTERE
1127 2350 1137 2379 ]
1177 2347 1291 2374 Sueten.
1329 2347 1358 2374 in
1372 2346 1532 2380 VespaAImL

180 2385 197 2420 ⁶<
213 2382 381 2412 Crumram
400 2389 563 2416 STELLAM]
580 2386 693 2412 Sueton.
705 2383 816 2412 inVes-
856 2384 972 2411 XXIV.

143 2420 248 2451 pulian.
264 2419 380 2448 XXIII.
401 2420 445 2448 Sic
459 2429 552 2449 autem
573 2420 708 2448 Romanis
726 2419 816 2449 dictos
891 2424 914 2438 ¹2
937 2419 1122 2450 Sennium]
1139 2417 1254 2445 Sueton.
1271 2416 1341 2446 ibid,
