1952 2708
113 778 161 804 10

103 1415 158 1440 20

443 123 629 164 LIBRI
672 122 877 163 ΝΟΝΙ
923 122 1328 165 ANNALIUM.
1491 136 1575 174 379

193 216 406 258 »rumpere
432 202 586 257 Appius
612 219 634 238 >›
662 204 894 252 nuntiatur,
921 203 987 242 cui
1014 203 1138 257 pridie
1164 205 1211 244 ad
1238 205 1279 244 id
1307 202 1497 259 temporis
1530 214 1575 241 ut

195 265 338 306 adeffet
374 278 616 320 praeceptum
655 277 770 305 erat:
800 265 905 318 quali
941 262 1059 320 plane
1092 266 1390 321 repraesentetur
1428 265 1573 305 somnii

193 328 314 377 fides,
342 344 364 363 (ε
392 327 524 368 arcessi
553 328 680 368 statim
713 343 758 368 ac
784 329 887 368 mori
915 343 936 363 >2
963 325 1132 379 jubetur.
1165 328 1324 368 Postero
1355 329 1418 369 die
1449 326 1572 368 Clau-

193 389 280 429 dius
309 419 322 439 ,
351 389 497 431 fraudis
523 420 536 441 ,
564 391 713 431 nedum
740 390 927 440 sceleris,
957 390 1122 430 minime
1151 391 1331 445 suspicax
1348 421 1360 440 ,
1391 390 1572 430 ordinem

192 453 249 492 rei
276 453 387 506 gestae
416 452 579 509 pertulit
602 454 651 494 ad
675 455 878 504 senatum,
904 468 950 494 ac
977 452 1122 493 liberto
1145 455 1287 507 gratias
1309 455 1392 508 egit
1416 470 1438 490 (ε
1465 452 1574 507 quod

191 530 296 571 »pro
320 515 445 556 salute
472 514 539 556 sua
564 519 683 558 etiam
710 518 913 558 dormiens
939 515 1154 556 excubaret
1183 533 1224 555 ».

255 579 452 620 XXXV.
486 580 602 620 TUM
641 595 779 621 omnes
818 580 1016 634 indignari
1043 596 1050 618 :
1076 579 1304 634 Principem
1322 607 1333 627 ,
1360 577 1575 619 imbecilli-

190 653 273 681 tate
311 641 513 682 crudelem
535 673 547 693 ,
592 643 819 684 formidare.
858 644 1049 683 Proceres
1066 672 1078 692 ,
1107 641 1247 696 quibus
1279 640 1364 696 plus
1393 642 1575 681 imminet

192 704 389 758 periculi,
419 709 460 745 ὃς
494 704 664 758 majores
699 706 788 746 sunt
820 706 934 762 spes,
966 720 1088 746 novas
1116 719 1176 746 res
1205 705 1459 745 meditantur.
1487 704 1574 742 An-

192 768 278 808 nius
306 768 543 810 Vinicianus
572 775 581 791 ¹
602 799 614 819 ,
646 771 785 810 harum
812 783 1001 825 appetens
1018 797 1030 818 ,
1059 768 1152 819 sed,
1182 768 1290 822 quod
1316 768 1478 808 deerant
1504 767 1574 805 mi-

189 828 279 870 lites
298 860 310 880 ,
344 833 556 873 movendis
586 833 739 888 impar,
774 835 938 874 Furium
974 830 1192 872 Camillum
1229 830 1536 872 Scribonianum
1560 857 1574 879 ,

190 893 401 934 Dalmatiae
439 894 646 950 legatum,
684 896 732 936 ad
771 895 1035 936 defeffionem
1068 894 1191 935 literis
1227 893 1418 935 sollicitat
1448 897 1460 913 ²
1487 909 1494 932 :
1522 894 1572 933 eo

187 955 345 998 facilius
368 957 417 998 ad
443 957 606 999 consilia
622 960 760 1008 traxit,
789 958 897 1012 quod
925 959 1082 1014 imperii
1104 957 1241 998 avidus
1256 957 1376 1006 ess‘et,
1406 970 1480 996 nec
1511 956 1573 995 in-

189 1020 333 1074 dignus
364 1020 601 1072 haberetur,
631 1021 890 1077 legionesque
917 1037 1010 1062 cum
1040 1019 1176 1062 multis
1204 1019 1360 1061 auxiliis
1386 1019 1573 1074 suppete-

188 1096 289 1123 rent.
314 1085 505 1125 Permotae
534 1085 646 1126 ducis
674 1087 926 1135 aucioritate,
948 1086 1137 1125 novitatis
1162 1080 1389 1132 inlecebra,
1418 1094 1574 1122 mutant

188 1146 479 1188 sacramentum
510 1153 537 1188 ³.
563 1150 777 1189 Senatores
800 1147 1026 1205 plurimi&
1055 1148 1206 1201 equites
1222 1177 1235 1198 ,
1265 1146 1421 1187 easdem
1445 1159 1573 1200 partes

187 1209 341 1259 secuti,
371 1210 615 1252 Dalmatiam
645 1224 799 1268 petunt.

252 1272 479 1315 XXXVI.
512 1277 929 1323 SCRIBONIANUS,
969 1273 1201 1328 adspirantis
1240 1271 1408 1311 fortunae
1451 1271 1574 1311 initiis

189 1333 357 1386 elatior,
385 1337 566 1391 ratusque
592 1338 771 1378 timidam
802 1336 962 1376 Claudii
990 1349 1165 1376 mentem
1195 1337 1293 1375 citra
1319 1333 1469 1374 bellum
1496 1346 1575 1374 ter-

1594 213 1710 228 z

1562 265 1569 272 .
1595 251 1709 276 A.U.C.

1615 307 1689 336 795·

1620 353 1641 376 J.
1655 353 1686 376 C.

1625 408 1674 436 42.

189 1400 264 1438 reri
291 1399 427 1455 poffe,
472 1415 563 1440 eum
595 1398 889 1441 contumeliosa
928 1399 1154 1452 minacique
1185 1395 1348 1453 epistola
1378 1414 1398 1433 ‹<
1432 1396 1574 1436 cedere
1607 1443 1609 1445 ¹

187 1463 389 1518 »imperio
411 1468 428 1490 4
449 1480 469 1499 >2
491 1462 622 1514 jubet,
645 1481 665 1500 «
687 1466 888 1517 vitamque
907 1463 1075 1503 otiosam
1099 1463 1138 1500 in
1161 1459 1311 1516 privata
1332 1475 1372 1500 re
1395 1474 1510 1514 agere
1532 1477 1574 1499 ».

188 1524 358 1566 Mobilis
386 1525 513 1567 Caesar
541 1525 619 1578 jam
651 1526 884 1576 dubitabat,
914 1525 1101 1566 adhibitis
1131 1523 1376 1579 principibus
1406 1524 1497 1562 viris
1528 1527 1574 1572 5,

190 1602 238 1628 an
266 1587 585 1644 obtemperaret,
611 1591 701 1630 ciim
727 1591 953 1630 nuntiatum
978 1589 1030 1628 est
1054 1605 1074 1624 α
1097 1586 1350 1628 Scriboniani
1372 1586 1574 1626 fortunam

187 1652 429 1692 »evanidam
452 1653 629 1708 periisse:
656 1651 861 1707 legionum
889 1666 1017 1704 neque
1039 1648 1188 1704 aquilas
1215 1650 1346 1690 ornari
1375 1648 1419 1698 ⁶,
1445 1663 1574 1701 neque

188 1714 326 1768 »signa
350 1715 528 1755 convelli
554 1717 786 1770 moverique
813 1715 982 1772 potuiss'e
1000 1732 1007 1754 ε
1025 1713 1172 1753 milites
1195 1713 1311 1753 defun
1328 1725 1436 1752 metu
1452 1741 1465 1761 ,
1490 1713 1575 1751 vio-

230 1857 238 1870 ¹
272 1854 388 1883 Anulus
419 1857 604 1885 mecmuus
624 1857 638 1892 ]
672 1855 754 1891 Dio,
793 1856 858 1885 Lx.
879 1857 886 1889 1
942 1860 950 1881 5
975 1856 1172 1883 I'nmciviaus
1195 1853 1310 1889 virus]
1332 1853 1459 1881 Sueton.
1479 1849 1556 1880 ibid.

190 1900 257 1935 pag..
283 1896 353 1935 674.
379 1895 445 1922 Jam
473 1894 524 1924 sub
545 1894 665 1924 Tiberii
687 1894 860 1933 principatu

189 1931 350 1968 majestatis
367 1932 529 1970 postulatus
545 1933 643 1964 fuerat
660 1934 859 1967 Vinicianus,

190 1978 224 1999 ut
239 1970 377 2012 ⁴vidimus
400 1971 486 2009 supra
510 1973 621 2002 Annal.
649 1975 689 2003 VI
712 1996 720 2009 ‚
743 1984 771 2009 9.
795 1973 861 2003 Post

189 2008 259 2038 Caii
280 2010 394 2039 caedem
421 2021 490 2040 eum
512 2011 643 2050 imperio
663 2012 792 2051 dignum
809 2012 860 2041 vi-

189 2048 253 2078 sum
280 2048 364 2078 fuiffe
389 2050 481 2080 tradit
491 2050 553 2080 Dio
569 2073 578 2085 ,
597 2051 657 2080 loc.
671 2051 723 2081 cit.

230 2090 240 2103 ¹
263 2089 450 2118 Sorticirm
473 2091 485 2126 ]
511 2089 573 2119 Dio
591 2113 600 2125 ,
628 2090 704 2120 ibid.
733 2089 779 2119 De
804 2088 860 2118 hac

189 2135 316 2170 quoque
342 2127 516 2158 desertione
540 2128 679 2167 scripsere
694 2128 860 2159 Suetonius

190 2175 223 2195 m
242 2166 352 2196 Claud.
371 2168 454 2197 XIII.
477 2168 603 2198 Tacitus
633 2169 744 2199 Annal.
777 2167 830 2196 XII
850 2191 859 2205 ‚

193 2214 240 2244 52.

215 2248 241 2285 *³
263 2245 500 2287 Sfxcmmruwm
519 2248 532 2284 ]
549 2247 645 2284 Quod
666 2247 747 2286 pri'us
768 2245 861 2276 Clau-

192 2281 245 2311 dio
260 2283 410 2314 dixerant.

232 2325 247 2342 ⁴
280 2322 408 2352 (Σεθὶ-κε
444 2326 614 2363 IMPERIO]
658 2326 788 2357 Sueten.
828 2325 861 2355 in

192 2358 444 2394 Claud.XXXV.

938 1895 950 1912 ⁶
975 1895 1111 1928 Aoum-is
1133 1903 1255 1922 ommim
1274 1894 1285 1928 ]
1313 1891 1362 1920 Ob
1386 1890 1464 1920 novi
1486 1889 1571 1927 prin-¹

900 1931 1016 1970 cipatiis
1041 1931 1130 1961 iniria
1145 1955 1153 1967 ,
1171 1931 1288 1970 aquilas
1300 1929 1443 1968 fignaque
1461 1939 1572 1959 ornare

902 1971 1029 2001 voluere
1045 1970 1158 2000 milites
1180 1982 1187 1998 :
1213 1980 1276 2007 quo
1305 1969 1343 1999 de
1366 1969 1418 1998 usu
1438 1967 1572 1998 diximus

901 2009 986 2048 supra
1006 2010 1116 2039 Annal.
1140 2011 1198 2045 III,
1222 2021 1251 2039 2.
1272 2010 1348 2038 Rem
1371 2008 1446 2037 vero
1471 2016 1572 2037 narrat

899 2049 1065 2079 Suetonius
1090 2049 1121 2078 in
1141 2049 1252 2078 Claud.
1276 2049 1358 2077 XIII.
1377 2046 1479 2075 Bellum
1493 2046 1573 2075 civile

900 2089 982 2116 movit
992 2088 1092 2117 Furius
1116 2086 1251 2116 Camillus
1270 2086 1480 2122 Scribonianus,
1498 2085 1572 2114 Dal-

900 2128 992 2156 matiae
1015 2127 1123 2166 legatus
1141 2140 1151 2155 .·
1174 2128 1264 2156 verimi
1280 2126 1354 2155 intra
1369 2126 1488 2164 quintum
1501 2124 1571 2153 diem

900 2166 1030 2206 oppreffts
1050 2166 1085 2206 est
1110 2190 1118 2203 ‚
1145 2165 1319 2206 legionibus,
1339 2176 1396 2204 quae
1408 2165 1571 2203 sacramen-

901 2215 954 2234 tum
971 2214 1165 2242 mutaverant,
1186 2205 1214 2234 in
1236 2205 1424 2242 poenitentiam
1440 2203 1572 2242 religione

901 2245 1033 2284 conversis
1054 2269 1063 2282 ‚
1083 2245 1217 2283 postquam
1236 2244 1394 2274 denuntiato
1416 2243 1452 2272 ad
1474 2253 1571 2272 novum

901 2285 1086 2320 imperatorem
1109 2285 1206 2313 itinere
1218 2307 1227 2320 ,
1249 2284 1309 2322 casu
1326 2283 1454 2323 quodam,
1478 2293 1512 2311 ari
1529 2281 1571 2310 di-

900 2324 1022 2359 vinitas,
1040 2334 1123 2362 neque
1137 2324 1234 2362 aquilae
1258 2323 1369 2360 ornari,
1399 2321 1572 2362 nequesignct

902 2363 1015 2394 convelli
1029 2364 1179 2403 moverique
1187 2372 1343 2401 potuerunt.

1223 2423 1325 2464 Bri>
1362 2421 1388 2473 ij
