1952 2708
476 158 1185 202 CHRONOLOGICA.
1434 165 1525 212 467

143 233 388 282 comprehensi
422 235 456 268 ὃς
487 232 649 281 jugulati.
677 232 775 268 Turn
802 234 846 268 eo
872 233 1031 269 audaciae
1052 236 1219 283 prorupit
1242 235 1449 284 Casperius,
1482 247 1524 274 ut

142 282 298 319 Nervam
312 281 546 330 compelleret
573 281 699 318 referre
730 281 827 330 apud
850 282 1029 330 populum
1055 284 1184 332 gratias
1209 285 1393 327 militibus,
1406 304 1425 318 κ
1437 287 1521 336 qula

141 350 160 364 22
179 331 353 368 nefandos
366 331 601 379 pefflmosque
627 331 789 367 omnium
812 331 1018 367 mortalium
1034 333 1256 380 peremissent
1267 352 1297 370 n.
1316 335 1398 370 Tali
1424 336 1522 372 indi-

138 381 274 430 gnitate
303 381 470 430 Princeps
497 381 679 417 infremuit
698 408 707 424 ‚
734 380 905 430 sensitque
933 384 966 417 ὃς
983 381 1150 418 [θηεᾶυῑί
1176 383 1245 418 suffe
1263 386 1295 419 δε
1311 384 1520 432 reipublicte

139 430 368 479 quaerendum
383 430 592 479 praefidium.
609 430 687 466 Nec
699 430 790 466 illud
806 430 899 466 intra
914 430 1060 466 domurn
1077 430 1265 479 adsumpsit
1281 445 1291 475 3
1310 433 1368 469 sed
1385 434 1435 470 M.
1450 434 1521 470 Ul-

136 479 237 527 pium
262 480 454 527 Trajanum
469 509 477 523 ‚
504 481 565 530 qui
583 479 790 529 praefidebat
814 480 1014 516 Germanice
1031 498 1044 521 ¹,
1073 482 1289 530 cunctosque
1308 482 1447 519 bellicis
1474 496 1516 520 ac

137 528 304 565 civilibus
332 530 522 567 virtutibus
553 529 809 579 praeeminebat
831 558 840 574 ‚
870 529 1060 578 adoptavit
1097 543 1106 566 :
1142 531 1413 579 quartodecimo
1443 533 1517 569 Ca-

137 578 260 615 lendas
276 580 445 617 Octobris
461 608 470 624 ‚
505 580 588 616 cum
608 579 761 616 lauream
780 592 822 616 ex
838 579 1024 616 Pannonia
1052 579 1194 615 allatam
1212 580 1249 614 in
1262 582 1399 629 gremio
1413 582 1516 619 Jovis

138 628 344 666 collocasset
360 657 370 673 ‚
400 630 554 678 adoptio
585 640 790 678 nuncupata
808 630 832 664 ¹.
857 629 1003 677 Traiani
1027 628 1084 665 vel
1106 629 1260 665 absentis
1287 629 1379 665 fame}
1403 631 1515 670 statim

136 678 292 716 restituta
306 679 435 717 Nervae
449 680 658 721 auftoritas,
676 682 710 715 &
723 678 1025 728 praetorianorum
1041 679 1210 716 tumultus
1229 678 1404 716 consedit.

511 754 646 791 ANNUS
662 754 709 790 U.
724 754 763 790 C.
785 764 935 790 Dcchl.
968 758 1001 792 J.
1023 755 1058 790 C.
1074 756 1139 800 98.

188 825 379 873 Supremus
409 825 470 862 hic
504 839 617 863 annus
645 827 693 864 est
719 840 739 863 a
764 827 898 863 Tacito
932 838 1148 864 memoratus
1172 829 1198 864 ².
1229 829 1272 864 In
1297 840 1342 864 eo
1368 839 1514 877 quoque

133 874 278 921 hujusce
297 876 517 924 Appendicis
534 877 821 927 Chronologicae
843 877 949 912 finem
975 877 1122 921 faciam,
1140 878 1201 913 ubi
1219 878 1317 927 prius
1335 890 1512 914 monuero

133 923 290 960 Nervam
316 926 378 961 sub
394 925 474 974 ipfis
496 927 580 962 anni
598 927 709 962 initiis
731 926 952 968 defunctum3
968 927 1232 977 Trajanumque
1248 928 1382 963 summa
1395 940 1512 963 rerum

133 974 292 1020 potitum
322 974 364 1010 iis
386 975 582 1012 inclaruisse
601 976 815 1017 virtutibus,
840 986 879 1011 ut
900 988 1093 1024 numquam
1121 980 1234 1024 major
1260 977 1365 1012 fuerit
1381 976 1511 1025 populi

132 1021 286 1059 Romani
300 1024 416 1072 gloria
430 1037 470 1061 ac
484 1025 646 1062 felicitas.
661 1025 764 1062 Artes
779 1037 923 1074 quoque
940 1025 1002 1061 sub
1019 1026 1148 1074 optimi
1161 1026 1332 1075 Principis
1345 1025 1512 1075 auspiciis

131 1072 178 1108 ad
194 1074 561 1128 earn-amplitudinem
577 1088 619 1112 ac
630 1075 930 1126 magnificentiam
944 1087 1144 1125 promotae,
1157 1090 1235 1126 quae
1250 1089 1394 1113 omnem
1414 1086 1510 1113 retro

132 1134 341 1160 memoriam
358 1134 458 1161 vieit.

187 1223 250 1259 Ar
267 1235 369 1259 HAEC
391 1224 449 1260 vel
466 1235 529 1273 per
549 1224 805 1273 compendium
819 1223 951 1260 narrari
966 1223 1061 1259 haud
1080 1225 1263 1273 patiuntur
1278 1225 1351 1261 loci
1364 1234 1508 1273 tempo-

129 1271 270 1321 risque,
300 1273 428 1322 quibus
451 1274 644 1322 premimur
670 1302 680 1318 ,
724 1273 902 1324 angustiae.
932 1274 1101 1309 Nostrum
1125 1274 1220 1311 enim
1248 1287 1339 1324 opus
1366 1274 1404 1309 in
1432 1275 1507 1311 hoc

130 1333 258 1370 quarto
272 1322 457 1360 volumine
475 1324 777 1360 concludendum.
796 1324 886 1359 ldeo
899 1327 931 1359 ὃς
943 1324 1158 1372 amplissimis
1175 1351 1183 1365 ‚
1203 1338 1293 1374 quos
1316 1323 1483 1372 parabam
1496 1350 1507 1366 ,

128 1371 308 1408 indicibus
338 1373 575 1410 abstinuerim.
593 1373 750 1410 Publieae
776 1383 894 1410 tamen
919 1373 1066 1409 utilitati
1085 1375 1308 1410 consulturus
1324 1402 1332 1417 ,
1365 1373 1506 1410 Freins-

127 1421 333 1458 hemianum
351 1422 507 1460 indicem
521 1454 528 1466 ‚
543 1423 818 1471 copiosissimum
831 1423 975 1473 quidem
992 1450 1001 1464 ‚
1020 1427 1054 1460 ὃς
1068 1424 1214 1460 eruditis
1231 1424 1314 1461 viris
1331 1425 1398 1470 jam
1416 1436 1504 1471 pro-

127 1471 250 1508 batum
262 1500 270 1516 ‚
297 1473 489 1510 auctiorem
509 1476 542 1509 ὃς
566 1474 845 1510 emendatiorem
863 1472 1047 1521 subjiciam
1062 1486 1071 1509 ε
1089 1474 1237 1510 alterum
1254 1478 1286 1510 δε
1301 1473 1504 1509 breviorem

125 1522 255 1558 addam
281 1535 354 1572 quo
378 1551 387 1567 ,
421 1535 499 1573 quoe
528 1523 585 1559 vel
612 1523 649 1559 in
671 1523 933 1572 Supplementis
952 1524 1106 1568 tradita,
1135 1525 1194 1561 vel
1216 1524 1253 1560 in
1268 1524 1375 1560 Notis
1398 1522 1503 1558 fufius

125 1574 272 1609 tractata
291 1583 352 1609 aut
371 1574 548 1623 explicata
562 1600 572 1617 ‚
599 1572 846 1623 indignentur.

165 1694 173 1706 ι
193 1685 408 1727 Nouem-Arm]
419 1686 494 1726 I‘Iin.
507 1687 535 1714 in
546 1686 707 1721 Panegyric.
719 1685 794 1714 VIII
809 1687 818 1751 Ι
870 1695 880 1707 ²
901 1687 1104 1713 MEMORATUS
1117 1689 1126 1717 ]
1141 1686 1233 1714 Tacit.
1253 1686 1287 1714 de
1306 1684 1408 1714 MorIb.
1430 1684 1504 1713 Ger<

129 1724 157 1750 δε
174 1720 271 1749 XCII.
292 1721 366 1751 Dio,
388 1721 456 1751 ibid.
834 1729 988 1749 manorum.
1010 1730 1069 1754 cap.
1088 1729 1130 1755 37.

1051 2468 1180 2512 Nnn
1217 2465 1246 2522 ij
