1952 2708
379 159 563 202 LIBRI
609 154 877 198 OCTAVI
923 154 1326 200 ANNALIUM.
1474 173 1560 210 333

127 244 135 247 ’
175 240 357 298 »plicere
381 238 558 293 Principi
588 250 793 277 verentem
812 264 824 285 ,
855 237 903 276 ad
929 237 1224 278 miserationem
1260 239 1389 293 gentis
1407 269 1419 291 ,
1452 240 1560 282 ultro
1589 256 1702 272 Ξ

179 323 200 343 »
211 308 251 344 in
277 316 412 358 preces
427 331 439 351 ‚
463 305 503 341 &
520 330 532 351 ,
561 300 586 339 sl
611 300 760 340 fuerint
779 300 904 339 inritae
919 328 932 349 ,
957 300 998 339 in
1019 299 1197 355 pericula
1219 305 1259 340 ὃ(
1282 317 1429 344 mortes
1452 319 1566 345 ruen-
1583 295 1700 322 A‘U'C⁸

180 368 262 407 »tis
279 395 292 416 ‚
323 365 526 406 fiefiierent
553 381 561 403 z
589 363 614 402 si
631 362 737 404 foret
756 362 1029 419 pereundum,
1059 363 1099 403 id
1126 362 1256 404 solatii
1285 364 1424 405 saltem
1451 367 1563 408 habi·
1607 351 1679 426 392

180 442 322 469 »turos
339 458 351 479 ,
379 428 487 482 quod
508 426 720 484 peregrim&
741 427 782 466 in
821 425 921 468 terrii
939 455 953 478 ,
990 425 1188 468 inviolato
1222 427 1353 470 adhuc
1382 430 1563 487 templo,
1619 418 1672 485 40,

130 513 151 552 5
179 491 501 533 »occumberent
528 508 572 531 ».

244 555 424 597 LVIII.
457 556 667 604 LEGATI,
696 554 757 595 his
779 553 894 596 rebus
918 554 1082 606 auditis,
1119 553 1261 596 dolore
1287 556 1381 596 vieti
1404 560 1442 596 ὃ(
1468 559 1568 599 muti

181 632 375 660 corruunt
403 624 414 640 ¹
433 647 446 668 ,
474 618 646 659 necdum
675 630 864 671 quantum
890 617 1060 673 periculi
1090 619 1317 659 immineret
1344 621 1469 674 gnari.
1496 622 1571 661 Pe-

180 683 336 722 tronius
364 682 468 722 enim
487 710 500 731 ‚
536 694 597 721 tot
626 680 860 720 miserorum
893 681 1051 736 aspef‘cu
1079 685 1118 722 ὅ(
1144 681 1329 737 precibus
1353 681 1534 722 mollitus
1556 711 1570 732 9

181 743 343 794 literas,
381 745 571 799 pietatem
607 744 710 784 inter
743 747 784 783 ὅ(
817 742 1050 797 obsequium
1077 744 1310 800 ambiguas,
1339 745 1386 786 ad
1413 745 1570 785 Princi==

101 824 155 856 v10
184 822 277 864 pem
316 807 475 847 miserat
513 810 527 827 ²
552 823 561 846 z
590 823 612 842 «
639 804 767 847 lentas
799 821 939 862 operas
964 823 971 845 τ
999 807 1066 847 sed
1100 823 1181 848 non
1225 809 1371 849 intutas
1402 823 1532 849 moras
1561 824 1571 847 ε

181 869 430 925 »religiones
459 883 640 925 tempore
677 869 837 925 potius,
869 869 986 923 quam
1013 871 1052 910 vi
1089 869 1257 924 gliscere
1288 889 1295 911 :
1322 871 1480 915 Judaeos
1512 871 1573 911 sa-

181 934 291 974 »cris
319 934 395 973 suis
423 933 671 988 pervicacius
700 932 926 982 adstrifiios,
958 933 983 970 sl
1015 932 1288 985 festinaretur,
1322 934 1426 974 forte
1454 949 1573 989 agro-

180 1013 202 1033 ))
213 1011 300 1036 rum
328 997 496 1050 vitaeque
522 995 697 1046 oblitos,
730 996 770 1036 in
797 994 856 1035 sui
882 996 1102 1052 perniciem
1131 997 1272 1052 sponte
1294 998 1445 1047 ituros,
1477 1012 1571 1038 cum

181 1059 369 1100 »summo
415 1060 610 1115 Principis
639 1058 910 1109 detrimento,
942 1060 1008 1112 qui
1038 1059 1129 1100 sane
1166 1075 1237 1115 per
1278 1062 1346 1101 has
1385 1062 1572 1114 regiones

107 1135 153 1181 15
181 1123 450 1164 »meditatum
481 1124 522 1162 in
549 1124 773 1177 AEgyptum
801 1123 875 1162 iter
899 1121 1048 1162 faceret
1079 1127 1088 1150 ³
1120 1139 1162 1162 ».
1191 1123 1338 1174 Caius,
1370 1123 1420 1164 ob
1449 1123 1573 1179 suspi-

183 1188 321 1227 ciones
349 1186 583 1242 perspicax,
611 1185 768 1225 divinos
795 1186 968 1225 honores
991 1200 1011 1225 a
1031 1185 1174 1228 Judaeis
1199 1188 1335 1240 negari
1361 1191 1401 1227 ὃ(
1429 1187 1572 1227 Petro-

181 1251 291 1290 nium
319 1250 537 1290 connivere
559 1249 797 1303 introspexit
818 1253 848 1288 4.
873 1250 1035 1289 Veritus
1059 1261 1192 1289 tamen
1219 1251 1417 1290 exercitus
1440 1249 1575 1291 defec-

178 1314 334 1353 tIOnem
349 1342 362 1362 ,
396 1311 571 1352 modeste
592 1310 787 1366 rescripsit
811 1314 850 1357 53
875 1309 1111 1364 laudatsstque
1135 1312 1312 1352 Petronii
1333 1312 1566 1368 prudentifi,

179 1377 360 1417 hortatus
386 1376 439 1416 est
469 1392 490 1411 ‹<
517 1388 561 1415 ut
598 1372 776 1416 collefi‘tis
803 1371 882 1425 jam
925 1373 1132 1428 frugibus,
1169 1374 1363 1429 nulloque
1399 1377 1572 1417 instante

100 1458 156 1487 20
182 1455 203 1476 »
216 1438 423 1495 periculo,
455 1453 594 1495 operas
629 1451 789 1493 urgeret
813 1466 827 1490 ‚
871 1441 912 1479 &
953 1436 1104 1480 debitas
1138 1439 1317 1495 Principi
1356 1438 1573 1493 religiones

181 1503 409 1544 »adsereret
439 1519 482 1542 22.

246 1566 370 1606 LIX.
405 1566 620 1605 INTEmM
651 1578 722 1607 rex
761 1564 939 1621 Agrippa
971 1564 1017 1615 ⁶,
1046 1565 1223 1607 Petronii
1251 1565 1456 1607 literarum
1484 1567 1573 1607 nes-

184 1629 295 1679 cius,
327 1629 471 1670 Caium
500 1628 713 1669 salutatum
740 1631 864 1670 venit.
891 1627 1020 1669 Vultu
1056 1628 1138 1681 ejus
1176 1629 1372 1670 obnubilo
1417 1634 1455 1670 ὅ(
1497 1632 1571 1671 iras

181 1692 429 1733 recondente
451 1693 623 1748 primum
647 1694 805 1734 territus
837 1698 851 1719 ⁷
868 1721 881 1742 ,
910 1706 1006 1732 mox
1029 1693 1171 1733 auditis
1198 1693 1573 1748 exprobrationibus

102 1772 156 1812 25
193 1772 214 1792 «
241 1769 403 1810 gentem
434 1756 542 1796 suam
567 1754 759 1796 rebellem
787 1755 891 1805 effe,
931 1756 1108 1811 Principi
1141 1754 1302 1810 ejusque
1330 1758 1483 1795 numini
1511 1758 1574 1796 in-

184 1817 367 1859 »fensam
393 1837 438 1870 22,
470 1820 524 1859 ita
551 1818 713 1873 diriguit
741 1816 783 1869 ⁸,
813 1832 857 1859 ut
884 1819 1089 1859 exanimus
1126 1818 1291 1859 domum
1319 1819 1427 1860 suani
1452 1819 1573 1860 fuerit

185 1925 247 1956 loc.
265 1926 315 1957 cit.
331 1927 391 1957 Eos
405 1926 436 1956 in
453 1927 503 1957 sex
517 1927 643 1957 ordines
660 1926 836 1957 distributos
852 1951 860 1963 ,

185 1965 340 1996 seniorum
357 1990 365 2002 ‚
389 1966 548 2004 juniorum
564 1989 572 2002 ,
593 1976 758 2004 puerorum
772 1990 780 2003 ‚
792 1977 860 1996 rur-

185 2005 250 2035 sum
263 2005 323 2035 alia
345 2014 428 2043 parte
441 2015 555 2035 anuum
572 2028 580 2039 ‚
593 2005 757 2035 mulierum
769 2029 777 2040 ‚
795 2005 861 2034 vir-

185 2044 295 2082 ginum
311 2067 320 2081 ,
341 2044 457 2074 veniss'e
488 2045 610 2074 reflatur
633 2044 715 2074 idem
749 2044 836 2074 Philo
853 2068 862 2080 ,

185 2084 295 2122 Legat.
326 2085 364 2113 ad
385 2083 496 2113 Caium
513 2107 522 2120 ‚
542 2093 609 2122 pag.
629 2093 715 2122 1025.
750 2088 793 2114 Εἰς
810 2084 862 2112 τιέ-

186 2124 235 2155 ξε-ις
258 2123 287 2152 δε
311 2123 337 2156 εξ
372 2123 544 2160 διενεμήθησαν
567 2144 576 2158 >
598 2122 737 2159 πρεσξυτᾶν
755 2145 763 2157 ,
790 2124 862 2158 νέων,
942 2127 950 2148 5
975 2123 1128 2152 MODESTE
1152 2126 1353 2162 RESCRIPSIT]
1380 2123 1487 2160 Philo,
1509 2123 1576 2154 Le-

187 2161 304 2197 παίδων,
320 2162 398 2191 πάλιν
413 2164 439 2192 clv
455 2162 521 2199 μέρει
538 2161 706 2199 πρεσςυτίδων
724 2184 732 2197 ‚
745 2166 864 2197 »somma-v
880 2181 881 2192 η
900 2170 960 2200 gat·
972 2161 1011 2190 ad
1025 2161 1136 2192 caluln
1153 2185 1160 2198 ‚
1180 2173 1246 2202 pag.
1271 2174 1358 2200 1029.

189 2203 272 2230 τῶνώ
287 2202 375 2240 ἡλικίᾳ
392 2224 400 2237 ,
423 2202 549 2239 παρθένων.
940 2203 952 2219 ⁶
974 2201 1042 2231 Rex
1074 2203 1211 2231 Acnwra
1233 2203 1246 2238 ]
1280 2203 1326 2232 De
1346 2213 1408 2242 quo
1435 2202 1519 2241 supra
1542 2202 1576 2232 in

231 2245 239 2258 ¹
265 2241 350 2270 Μυτι
375 2242 564 2278 conanum]
580 2239 668 2270 Philo
684 2241 811 2279 ‚Legae
827 2240 864 2269 ad
901 2240 1112 2277 Supplement.
1130 2241 1241 2270 Annal.
1255 2243 1327 2278 Vll,
1349 2252 1394 2280 37.
1419 2243 1462 2271 Ex
1478 2252 1575 2281 regno

192 2278 303 2309 Caium
318 2303 326 2317 ,
350 2290 416 2319 pag.
441 2291 527 2316 1019.
901 2279 999 2309 redux
1013 2301 1022 2313 ‚
1049 2279 1161 2309 Caium
1184 2281 1345 2311 salutatum
1360 2281 1519 2311 veniebat.

228 2322 241 2336 ²
264 2320 310 2348 AD
334 2320 508 2349 Pmmpnm
540 2329 679 2348 MISERAT
697 2319 711 2354 ]
746 2317 840 2348 Philo
855 2342 864 2355 ‚
942 2324 954 2343 7
978 2319 1108 2348 Panium
1140 2323 1312 2358 remim-us]
1328 2320 1435 2356 Philo,
1450 2319 1577 2350 loc.cir.

189 2357 298 2396 Legat.
313 2358 352 2387 ad
364 2358 475 2388 Caium
492 2382 501 2395 ‚
530 2368 597 2396 pag.
623 2368 711 2395 1027.
880 2353 884 2390 l
943 2356 954 2376 8
978 2359 1030 2388 lm
1063 2361 1240 2397 minetur]
1266 2359 1378 2398 Philo,
1400 2361 1510 2398 Legat,
1538 2358 1581 2389 ad

230 2402 240 2424 5
263 2396 436 2435 Faenum]
449 2397 720 2431 UtAlexandriam
732 2397 864 2433 veniret,
880 2394 885 2420 Ι
903 2396 1036 2436 Caium,
1054 2407 1121 2437 pag.
1147 2407 1236 2436 1030,

898 1926 972 1957 &in
982 1926 1132 1965 urbe‚qua
1145 1927 1231 1957 nulla
1240 1927 1300 1958 alia
1311 1928 1348 1957 ad
1362 1927 1578 1958 adulationem

899 1966 1066 2004 projectior
1081 1989 1090 2002 ,
1122 1968 1214 2004 quam
1240 1967 1382 1997 maximis
1399 1967 1577 1998 divinitatis

899 2005 1073 2035 honoribus
1097 2008 1288 2036 maelarctur.
1315 2006 1403 2036 Philo
1424 2030 1432 2041 ‚
1464 2008 1575 2045 Legat„

899 2045 936 2075 ad
953 2044 1068 2074 Caium
1090 2066 1099 2079 ‚
1125 2055 1191 2083 pag.
1214 2049 1290 2076 1028
1313 2046 1345 2076 &
1370 2056 1457 2081 1029.

938 2088 953 2105 4
974 2085 1211 2121 INTROSPEXIT]
1237 2084 1324 2114 Philo
1338 2109 1347 2120 ‚
1366 2085 1426 2115 loc.
1442 2083 1496 2114 cit.
