1952 2708
353 134 441 183 458
784 125 1298 169 APPENDIX

353 207 549 252 cunstaque
564 201 827 250 praedabundus
845 203 917 240 late
929 204 1186 253 populabatur.
1213 203 1292 240 Nec
1311 204 1379 250 jam
1396 203 1439 240 de
1465 203 1579 244 limite
1604 205 1744 258 imperii

356 259 387 291 δε
401 254 478 303 ripa
490 279 500 296 ,
519 252 580 289 sed
597 252 641 291 de
654 253 813 290 hibernis
833 254 1021 304 legionum
1038 258 1071 291 δε
1087 255 1299 304 possessione
1319 254 1533 294 dubitatum.

702 328 839 364 ANNUS
859 328 963 364 U.C.
985 339 1180 365 Dccchn.
1235 328 1266 362 J.
1281 329 1318 363 C.
1337 329 1399 373 89.

406 397 452 435 T.
467 397 617 434 Aurelio
630 398 749 436 Fulvo
767 399 822 442 II,
848 400 892 436 A.
911 400 1130 449 Sempronio
1143 400 1312 436 Atratino
1325 400 1545 437 consulibus.
1567 401 1651 438 Post
1662 412 1740 438 tan-

353 456 404 483 tas
435 448 656 484 exercituum
685 449 803 486 clades
826 478 835 494 ‚
872 450 944 486 dux
969 451 1138 500 ultorque
1173 450 1354 499 sanguinis
1374 449 1529 486 Romani
1554 463 1617 487 ore
1640 453 1741 502 vulgi

349 497 568 546 poscebatur
579 499 753 549 Agricola
776 501 800 536 ¹.
814 501 956 537 Restitit
966 500 1136 548 Princeps
1149 528 1158 544 ‚
1181 500 1338 536 infensus
1351 500 1562 542 virtutibus,
1577 503 1610 538 &
1623 500 1741 550 gloria

352 547 421 583 viri
441 547 638 586 deterritus.
666 550 747 599 Ipse
774 563 855 587 cum
880 550 1056 586 immenso
1075 561 1201 598 paratu
1220 550 1386 586 adversus
1398 550 1522 586 Dacos
1538 550 1742 599 proficiscio

351 608 431 639 tur,
457 598 613 643 bellurn,
646 611 687 636 ut
716 600 857 636 rebatur
879 625 889 642 ‚
916 600 986 636 suis
1009 600 1178 650 auspiciis
1204 611 1437 650 reparaturus.
1470 600 1702 650 Diurpaneus
1728 628 1741 646 ,

351 656 487 683 tantam
501 661 681 686 armorum
694 651 768 686 vim
786 660 947 687 metuens
962 677 971 694 ,
994 650 1134 701 legatos
1149 650 1238 687 misit
1252 653 1265 666 ²
1282 679 1293 695 ,
1314 651 1376 701 qui
1399 650 1442 688 de
1466 663 1556 700 pace
1580 662 1740 700 agerent.

349 696 434 745 Ejus
452 699 644 747 prudentia
658 700 863 736 Domitiani
882 700 1079 738 vanitatem
1104 701 1258 738 inflavit.
1284 701 1338 745 Is,
1363 701 1489 750 spretis
1506 701 1631 750 legatis
1654 729 1665 745 ,
1692 714 1738 738 ne

351 747 437 784 dato
457 749 602 799 quidem
617 750 789 799 responso
804 779 814 795 ‚
834 751 1049 788 Cornelium
1072 751 1241 793 Fuscum,
1263 751 1513 800 praetoriarum
1529 752 1738 788 cohortium

349 798 553 846 przefeftum
567 827 576 842 ‚
597 800 696 837 bello
711 802 907 850 praeponit.
936 801 1240 851 UbiDiurpaneo
1266 801 1305 837 id
1317 801 1385 837 fuit
1406 811 1631 851 compertum
1645 830 1654 845 ‚
1673 801 1737 837 du-

349 860 428 884 cem
452 849 561 884 Urbis
590 849 730 887 deliciis
745 852 754 871 ³
769 880 778 895 ,
807 853 912 901 quam
936 851 1024 888 belli
1041 852 1174 888 artibus
1196 851 1384 889 meliorem
1400 851 1503 888 irrisit
1519 879 1529 895 ,
1551 851 1737 901 rursusque

348 898 440 934 misit
458 899 614 949 legatos,
640 901 702 950 qui
724 914 849 949 pacem
872 901 1044 938 offerrent
1059 930 1068 946 ,
1092 902 1176 938 dum
1203 901 1359 938 Romani
1381 930 1391 946 ,
1415 902 1541 938 harum
1565 912 1736 938 terrarum

345 947 479 985 incolae
492 977 500 992 ‚
522 949 664 999 singulis
683 951 783 987 annis
799 951 904 988 binos
929 951 1063 988 obolos
1077 955 1094 972 4
1113 952 1295 988 solverent
1325 966 1333 988 :
1359 952 1458 989 secus
1484 951 1736 988 exterminium

347 998 591 1036 minitabatur.
617 1000 850 1037 Domitianus
866 1030 876 1045 ,
903 1013 943 1038 ut
962 1015 1095 1046 vanus,
1120 1002 1166 1038 sic
1188 1002 1340 1051 periculi
1358 1002 1503 1037 timidus
1516 1030 1525 1044 ‚
1552 1002 1590 1037 in
1609 1001 1736 1037 Moefia

343 1047 470 1084 restitit
486 1051 509 1086 5.
534 1049 684 1094 Fuscus,
703 1051 828 1099 junffis
840 1051 991 1088 navibus
1006 1052 1044 1087 in
1062 1052 1212 1088 modum
1226 1052 1371 1101 pontis,
1393 1051 1606 1087 Danubium
1622 1051 1738 1087 trans-

343 1097 436 1133 misit
461 1111 542 1134 cum
555 1099 742 1136 leaiffimis
762 1101 936 1137 militibus
949 1115 961 1145 3
973 1101 1182 1152 hostemque
1197 1103 1370 1152 aggressus
1384 1129 1395 1146 ,
1414 1102 1475 1138 sed
1491 1101 1571 1150 post
1588 1112 1736 1138 cruenta

343 1147 474 1195 proelia
508 1150 712 1198 oppressus,
738 1151 948 1188 temeritatis
979 1165 1103 1201 poenas
1132 1152 1210 1188 luit.
1237 1153 1335 1188 Tum
1367 1164 1450 1188 cura
1474 1151 1561 1188 belli
1585 1151 1733 1187 Juliano

342 1198 527 1234 commissa
542 1199 575 1243 ⁵,
605 1201 668 1249 qui
682 1214 756 1237 rem
770 1200 971 1238 Romanam
984 1202 1145 1239 restituit.
1164 1202 1313 1239 Interim
1330 1201 1563 1238 Domitianus
1583 1201 1621 1236 in
1639 1201 1734 1237 Pan-

340 1248 490 1283 noniam
510 1262 682 1294 venerat3
702 1252 913 1301 Quadisque
928 1255 960 1288 &
976 1253 1245 1289 Marcomannis
1270 1251 1427 1288 infensus
1451 1280 1462 1296 ,
1496 1251 1595 1301 quod
1624 1264 1734 1300 opem

338 1297 507 1334 adversus
522 1299 646 1336 Dacos
664 1314 742 1338 non
769 1302 924 1339 tulissent
939 1331 948 1346 ‚
973 1303 1142 1340 intulerat
1156 1303 1303 1339 bellum.
1326 1302 1374 1339 Iis
1388 1315 1514 1351 pacem
1527 1302 1731 1345 orantibus,

341 1347 497 1397 despeffl
522 1350 631 1399 legati
666 1365 674 1387 :
709 1351 802 1396 alii,
829 1352 913 1388 curn
940 1365 1062 1401 preces
1090 1353 1268 1389 iterassent
1285 1381 1295 1397 ,
1321 1352 1409 1389 caefi.
1438 1351 1633 1393 Germani,
1663 1352 1732 1388 hac

337 1399 530 1436 atrocitate
544 1400 581 1435 in
595 1400 753 1438 furorem
771 1402 857 1439 verfi
872 1430 880 1446 ,
902 1402 1037 1439 bellum
1050 1403 1265 1452 suscipiunt3
1279 1402 1464 1452 vicsusque
1484 1405 1516 1438 ὃς
1535 1402 1571 1437 in
1587 1401 1708 1451 fugam
1718 1403 1735 1427 ⁷=

338 1450 520 1494 conjeetus
535 1449 780 1489 Domitianus.
805 1452 872 1489 Res
886 1452 1025 1490 felicius
1041 1453 1209 1490 cesserant
1232 1452 1270 1488 in
1290 1452 1417 1488 Dacia.
1436 1452 1597 1489 Julianus
1614 1479 1624 1493 ‚
1655 1463 1731 1489 arte

336 1498 418 1533 usus
440 1510 479 1535 ut
497 1498 744 1538 Romanorum
770 1502 909 1539 animos
928 1503 1070 1552 pudore
1094 1504 1245 1552 erigeret
1263 1533 1272 1546 ‚
1299 1502 1439 1550 jusserat
1462 1502 1591 1538 milites
1608 1502 1669 1538 sua
1696 1505 1732 1539 &

339 1549 592 1586 centurionum
613 1552 763 1588 nomina
791 1553 898 1589 scutis
922 1553 1126 1590 inscribere.
1147 1553 1244 1589 Tum
1257 1580 1266 1597 ‚
1291 1553 1373 1589 cum
1388 1563 1484 1589 certa
1497 1552 1579 1589 esset
1593 1552 1705 1588 virtus
1718 1580 1730 1597 ‚

337 1610 406 1634 nec
425 1600 570 1635 occulta
584 1601 729 1649 ignavia
744 1631 754 1646 ,
769 1602 886 1640 hostes
900 1604 1076 1654 aggressus
1094 1603 1160 1648 est,
1177 1602 1349 1653 gravique
1366 1602 1468 1639 clade
1483 1615 1547 1639 eos
1561 1602 1730 1651 perculit.

336 1646 491 1684 Vezinas
506 1677 515 1692 ‚
537 1650 615 1698 post
633 1652 879 1700 Diurpaneum
896 1654 1105 1690 auftoritate
1127 1653 1223 1702 apud
1239 1655 1361 1689 Dacos
1375 1653 1579 1702 praecipuus
1594 1679 1603 1696 ,
1621 1652 1729 1687 fimu-

334 1697 407 1733 lata
424 1710 540 1735 morte
568 1701 592 1742 ³,
610 1701 740 1738 deinde
761 1703 847 1753 fuga
871 1703 1019 1740 salutem
1044 1716 1199 1752 quaerere
1231 1705 1384 1739 coafftus.
1414 1703 1457 1738 In
1483 1701 1588 1751 ipsius
1619 1702 1729 1752 regiae

335 1749 643 1797 expugnationem
663 1751 780 1788 ibatur
792 1781 802 1796 ,
813 1753 851 1788 ni
862 1753 1089 1802 Diurpaneus
1106 1753 1245 1790 hostem
1261 1782 1271 1798 ‚
1288 1766 1391 1802 quern
1407 1752 1443 1789 vi
1461 1751 1634 1801 repellere
1650 1765 1727 1788 non

334 1809 495 1845 poterat,
521 1799 593 1835 astu
613 1801 771 1840 elusisset.
797 1802 904 1839 Caesxs
926 1804 1022 1839 enim
1040 1803 1227 1840 arboribus
1246 1831 1256 1846 ,
1283 1814 1430 1839 truncos
1457 1803 1559 1838 armis
1578 1802 1697 1838 induit
1712 1829 1724 1845 ‚

334 1849 583 1899 numerosique
600 1852 776 1888 exercitus
798 1852 885 1889 fecit
910 1853 1066 1902 speciem
1081 1882 1092 1898 ,
1117 1854 1188 1903 qua
1205 1853 1375 1902 deceptus
1395 1852 1555 1889 Julianus
1578 1851 1726 1888 receffit.

334 1897 508 1935 Manebat
524 1911 642 1937 tamen
657 1902 789 1950 prioris
803 1903 963 1940 vistoriae
985 1904 1089 1940 fama.
1124 1905 1176 1940 Ea
1189 1903 1271 1940 usus
1285 1903 1333 1940 est
1345 1902 1576 1938 Domitianus
1593 1930 1603 1945 ,
1633 1913 1672 1937 ut
1688 1901 1725 1937 se

333 1947 399 1983 suo
416 1949 593 1987 dedecore
618 1952 843 1997 exsolveret3
862 1954 1031 2004 pacisque
1054 1953 1288 1991 conditiones
1304 1956 1338 1989 ὃς
1357 1966 1444 2001 opes
1469 1951 1621 1992 obtulit,
1637 1963 1725 2037 quas

331 1996 562 2046 Diurpaneus
584 2001 680 2038 ultro
703 2004 863 2051 accepit,
894 2004 1053 2040 diuturni
1070 2004 1156 2041 belli
1174 2003 1358 2040 laboribus
1373 2002 1498 2047 feffus,
1524 2005 1558 2039 &
1578 2001 1633 2038 cla
1661 2015 1679 2038 e
1703 2014 1724 2037 a

332 2046 475 2084 Juliano
496 2049 596 2087 illata
622 2052 757 2089 anxius.
783 2053 1024 2104 Colloquium
1042 2066 1162 2092 tamen
1194 2067 1275 2090 cum
1301 2053 1470 2102 Principe
1495 2051 1613 2089 renuit
1635 2065 1643 2087 :
1662 2051 1725 2088 sed

332 2096 476 2134 fratrem
503 2099 603 2137 suum
625 2103 761 2153 Diegin
782 2103 892 2148 misit,
921 2104 983 2154 qui
1003 2116 1109 2155 capta
1134 2117 1229 2141 arma
1244 2131 1254 2148 ‚
1283 2103 1491 2153 paucosque
1525 2101 1691 2152 captivos
1708 2127 1721 2146 ,

368 2195 377 2207 ¹
397 2187 589 2222 AonrcorA]
611 2192 702 2220 Tacit.
718 2192 779 2221 Vir.
796 2194 954 2228 Agr.XLI.
1084 2202 1091 2218 3
1114 2195 1147 2223 IN
1168 2196 1274 2223 Mazsra
1296 2198 1466 2227 RtsTITrr]
1487 2194 1564 2223 Dio,
1587 2192 1720 2223 LXVII,

367 2230 378 2243 ²
401 2223 545 2262 Leo-*aros
567 2231 681 2259 MISIT]
707 2227 779 2256 Pers.
800 2228 934 2257 Patricius
949 2250 957 2259 ‚
975 2230 1006 2257 de
1045 2239 1107 2264 pag.
1122 2235 1184 2263 761.
1656 2262 1664 2267 ,

332 2258 538 2298 Ῑ-θέαηῡηῑὶῑυ,
556 2270 670 2296 paga}
1083 2268 1093 2283 ⁶
1114 2266 1250 2298 JULIANO
1274 2274 1435 2294 COMMISSA
1452 2268 1462 2296 ]
1492 2264 1568 2296 Dio,
1582 2262 1698 2290 LXVII
1711 2282 1720 2292 ‚

370 2301 376 2316 ⁵
399 2292 497 2334 URPIS
526 2304 662 2324 DELICHS
682 2300 692 2328 ]
728 2298 819 2327 Vetus
841 2299 1003 2328 scholiastes
1044 2310 1106 2335 pag.
1122 2306 1183 2334 764.

331 2327 473 2360 juvenahs
487 2328 573 2363 Satyr.
588 2331 631 2357 IV
642 2352 649 2360 ,
675 2342 731 2360 112.
1080 2343 1090 2359 7
1111 2337 1143 2363 1³<
1165 2339 1291 2368 FUGAM]
1314 2336 1388 2364 Dio,
1403 2333 1518 2361 LXVII
1529 2353 1536 2363 ‚
1550 2341 1611 2367 pag.
1626 2336 1688 2363 761.

366 2372 377 2387 4
399 2363 492 2391 Bmos
514 2369 654 2397 oBoros]
679 2366 794 2396 Gallicae
806 2379 922 2399 monetae
937 2370 1002 2398 asses
1080 2371 1089 2386 '‘
1112 2372 1279 2398 δικιυιΑτΑ
1297 2372 1422 2400 Mon-re]
1434 2368 1470 2396 Ut
1482 2368 1565 2401 posse:
1579 2368 1718 2403 friguera-

328 2395 412 2425 ferme
423 2398 476 2428 sex.
492 2398 626 2429 Patricius
639 2422 647 2433 ,
668 2402 721 2430 loc.
736 2403 782 2433 cit,
1043 2404 1116 2436 dcte.
1130 2406 1187 2434 Dio
1197 2426 1204 2435 ,
1218 2405 1333 2433 LXVII
1344 2425 1354 2438 ,
1376 2412 1438 2439 pag·
1454 2410 1515 2437 7⁶4-
