1952 2708
129 481 151 520 5

106 801 153 826 10

105 1112 150 1149 15

100 1432 155 1457 20

431 143 628 184 LIBRI
670 143 855 184 ΝΟΝΙ
901 140 1309 183 ANNALIUM.
1468 153 1554 190 377

181 224 290 264 Orca
305 228 316 244 ¹
334 250 346 272 ,
373 223 500 262 carnis
525 222 724 262 immensae
741 251 752 271 ,
778 221 962 261 dentibus
976 221 1203 262 truculenta
1217 252 1230 271 ,
1251 235 1411 277 portum
1425 219 1556 260 subiit.

179 287 254 326 Per
279 283 503 340 complures
527 285 610 326 dies
638 285 774 326 satiata
803 284 1015 338 naufragiis
1049 297 1252 337 tergorum
1281 299 1301 323 e
1328 282 1463 324 Gallia
1488 283 1556 323 ad-

180 349 408 398 veElorum,
440 348 542 388 vado
568 362 649 389 tam
675 347 916 404 profundum
941 346 1124 387 incubuit
1140 376 1153 396 ,
1180 359 1224 386 ut
1253 347 1470 400 circumagi
1498 361 1560 386 ne-

178 425 373 463 quaquam
397 410 533 466 posset.
557 412 668 451 Dum
694 411 869 465 saginam
894 410 1167 465 persequitur,
1193 408 1373 449 fluetibus
1399 410 1439 447 in
1464 408 1557 448 litus

180 471 392 528 propulsa,
422 474 538 514 dorso
576 475 689 529 supra
721 488 838 527 aquas
866 472 1026 513 inversae
1066 472 1204 512 carinae
1235 472 1350 511 instar
1377 473 1559 511 eminuit.

179 535 476 585 Admirationi,
503 536 593 576 dein
623 537 720 576 ludo
737 566 748 586 ,
783 537 910 591 patuit
937 533 1082 575 bellua.
1109 533 1298 573 Adstante
1335 534 1520 589 Principe
1543 563 1557 583 ‚

182 598 464 639 comitantibus
482 599 715 640 cohortibus
739 600 948 654 praetoriis,
966 598 1164 653 spec-stante
1187 594 1339 651 populo
1354 596 1560 645 Romano,

182 676 275 701 cum
300 662 475 702 monstro
502 677 522 702 a
545 662 673 702 multo
706 661 833 701 milite
858 661 1103 701 dimicatum.
1138 658 1365 700 Numerosa
1400 657 1558 699 lancea-

180 738 267 763 rum
294 726 351 764 vis
381 726 566 778 congesta
597 740 617 765 c
645 726 812 778 navigiis
851 722 1164 772 adsultantibus,
1195 736 1363 775 quorum
1394 735 1516 761 unum
1545 750 1560 771 ,

181 787 321 827 reflatu
346 786 486 827 bellua:
513 786 721 843 oppletum
749 785 874 836 unda,
901 788 1029 842 periit.

245 850 450 890 XXXII.
485 851 604 890 ALIA
636 850 821 891 ludorum
849 865 1020 903 genera,
1043 849 1182 889 Romae
1199 846 1361 897 habita,
1397 862 1477 887 non
1503 846 1561 887 fe-

180 914 269 953 rino
286 943 297 963 ,
326 913 392 953 sed
429 915 605 953 humano
637 913 797 962 furore,
824 912 1096 967 Principisque
1126 911 1324 952 dedecore
1349 909 1457 950 foeda
1474 939 1485 958 ,
1519 910 1560 950 in

182 975 297 1016 Urbis
323 975 471 1015 ludum
504 978 586 1017 cito
617 990 795 1032 erupere.
821 978 932 1017 Nam
962 975 1208 1023 certamina,
1238 975 1359 1013 stante
1387 971 1562 1027 republi-

182 1037 257 1088 ca,
297 1039 345 1078 ad
374 1039 548 1079 duranda
580 1054 747 1095 corpora
777 1043 817 1079 &
853 1038 1063 1093 erigendos
1095 1038 1247 1077 animos
1273 1037 1473 1084 instituta,
1504 1037 1562 1075 vi-

181 1115 300 1155 gente
322 1101 596 1142 dominatione
611 1132 622 1152 ,
646 1103 860 1142 efferavere
887 1102 1112 1155 Principes,
1136 1101 1203 1152 qui
1225 1114 1274 1139 ex
1296 1099 1478 1138 funerum
1502 1098 1563 1138 ad-

183 1163 390 1204 suetudine
419 1166 466 1205 ad
498 1167 648 1205 atrocia
672 1164 785 1205 libita
822 1163 1127 1204 insolescebant.
1157 1162 1204 1201 In
1230 1163 1289 1202 his
1317 1161 1563 1215 gladiatoriis

181 1227 411 1267 muneribus
431 1258 443 1278 ,
474 1229 626 1268 insitam
662 1227 798 1268 natura
822 1232 860 1268 ὅ(
895 1227 1019 1267 literis
1047 1226 1334 1266 humanitatem
1370 1223 1564 1264 Claudius

184 1291 294 1329 exuit
322 1294 334 1309 ²
362 1293 475 1330 tanto
500 1291 681 1340 facilius,
706 1291 812 1344 quod
840 1290 877 1330 se
906 1290 1074 1345 primum
1103 1286 1253 1328 servilis
1282 1288 1453 1328 audacia:
1480 1287 1564 1326 vin-

183 1353 313 1392 dicem
332 1353 406 1393 esse
426 1352 670 1407 gloriabatur
684 1383 696 1403 ,
725 1358 764 1394 &
783 1368 831 1393 eo
848 1353 1035 1406 sanguine
1053 1350 1250 1406 gaudebat
1273 1349 1458 1405 populus.
1479 1350 1566 1389 Ser-

182 1430 253 1455 vos
277 1430 373 1469 ergo
396 1415 636 1470 libertosque
652 1447 663 1466 ,
693 1415 794 1456 falsis
819 1417 859 1455 in
888 1415 1072 1456 dominos
1097 1411 1467 1462 criminationibus,
1499 1412 1566 1451 Ti-

182 1477 293 1518 berio
319 1478 499 1533 Caioque
528 1479 845 1535 imperitantibus
863 1509 876 1529 ,
903 1478 1076 1518 famosos
1094 1507 1105 1527 ,
1130 1477 1220 1516 ferIs
1249 1474 1399 1527 objecit
1423 1480 1450 1514 ³.
1486 1476 1565 1516 Rei

183 1541 521 1593 quidem,veri1m
545 1542 628 1583 aliis
657 1557 863 1597 poenarum
891 1540 1100 1595 generibus
1128 1538 1351 1588 multandi,
1382 1538 1566 1578 cecidzre.

182 1616 262 1643 tam
306 1603 423 1645 multi
447 1634 460 1655 ,
503 1619 547 1645 ut
575 1606 742 1659 Augusti
786 1607 946 1645 statuam
976 1634 988 1653 ,
1040 1606 1088 1643 co
1136 1601 1219 1642 loci
1249 1601 1411 1656 positam
1430 1631 1442 1650 ,
1483 1599 1564 1640 alio

183 1666 383 1707 transferri
405 1666 553 1719 jusserit
577 1673 618 1718 4,
646 1684 695 1708 ne
717 1666 782 1708 vel
806 1668 928 1708 caedes
951 1668 1102 1722 semper
1123 1665 1317 1720 inspicere
1339 1664 1564 1713 videretur,

185 1728 251 1769 vel
288 1730 441 1786 semper
473 1730 603 1771 velata
637 1732 743 1771 esset.
769 1731 889 1771 Haud
918 1729 1176 1769 erubescente
1204 1728 1387 1781 Principe
1423 1740 1468 1766 ea
1504 1724 1564 1776 ju—

185 1791 277 1832 bere
305 1797 345 1833 ὃζ
372 1794 544 1849 [ρεᾶωέ
569 1824 582 1844 ,
618 1793 758 1848 quibus
787 1808 921 1834 oeream
950 1793 1115 1846 Augusti
1144 1792 1357 1844 imaginem
1384 1788 1565 1829 interesse

186 1870 275 1894 eum
303 1856 480 1911 puderet.
1296 1857 1298 1859 ’

227 1951 239 1991 ’Ἴ
261 1946 378 1983 ORcA]
406 1949 518 1977 Orcam
535 1948 654 1979 Gallice
676 1949 805 1979 dicimus
829 1949 855 1977 la

185 1984 300 2014 Brutine
315 1987 331 2013 rz*
347 1985 436 2016 dentr.
462 1988 604 2018 Eruditus
623 1988 713 2018 Shaw
733 2012 741 2024 ,
761 1989 855 2026 Ἄψα-

185 2034 237 2063 ges
250 2048 259 2060 ‚
280 2025 373 2054 Tom.
395 2028 418 2054 Ι.
445 2036 512 2064 pag.
530 2037 586 2065 335
599 2051 607 2063 ‚
638 2036 789 2057 memorat
807 2038 858 2057 or-

187 2073 255 2093 cam
272 2085 280 2098 ‚
308 2064 462 2102 sexaginta
496 2066 586 2103 pedes
608 2067 734 2104 longam
760 2090 768 2101 ‚
804 2066 834 2096 su

186 2112 292 2132 muros
319 2104 401 2133 urbis
425 2103 512 2142 Alger
527 2113 598 2134 ante
618 2105 740 2144 aliquot
759 2115 856 2134 annos

187 2142 364 2180 projeetam.
382 2144 477 2179 Quod
492 2143 662 2181 Algerianis
679 2144 720 2173 ita
734 2153 858 2181 porten-

188 2181 288 2210 tosum
304 2182 401 2210 visum
421 2182 476 2217 est,
502 2191 535 2212 ut
554 2193 591 2212 ne
605 2183 680 2222 quid
700 2182 788 2212 exitii
809 2193 856 2213 re-

188 2229 251 2257 gno
272 2220 323 2249 suo
345 2220 521 2251 immineret
536 2245 543 2255 ‚
560 2230 745 2252 metuerent.

229 2261 240 2275 ²
263 2260 423 2289 Chaonius
457 2263 577 2298 rxmr]
609 2262 642 2290 Id
663 2270 726 2300 quo
752 2271 789 2290 ue
804 2260 858 2290 ad-

190 2297 313 2327 notavit
327 2299 374 2328 Cl.
391 2299 428 2328 de
441 2300 568 2330 Montes
588 2300 659 2330 uieu
685 2324 694 2335 ‚
731 2271 859 2336 &afilig-

190 2335 297 2379 rationi·
313 2337 362 2375 sur
392 2337 430 2366 les
451 2340 542 2377 causes
582 2350 594 2367 e
615 2339 641 2367 la
658 2333 799 2379 granden}
813 2339 859 2366 a'es

192 2372 323 2403 Romami·
345 2375 374 2404 Er·
393 2376 425 2405 de
442 2376 499 2406 leur·
514 2377 682 2416 decaden&
705 2388 771 2417 cap.
791 2379 858 2410 XV.

304 2426 426 2477 Tom.
460 2430 556 2481 IV.

894 1958 961 1986 pag.
980 1956 1036 1985 155
1056 1947 1089 1976 8<
1111 1949 1175 1981 156.
1189 1945 1335 1983 verasque
1348 1943 1447 1974 causas
1459 1943 1565 1974 attulit

893 1998 946 2016 cur
961 1987 1041 2025 apud
1056 1995 1111 2015 nos
1126 1984 1161 2015 fit
1176 1985 1347 2015 humanitas
1366 2007 1374 2017 ‚
1398 1983 1470 2012 dum
1483 1983 1563 2020 apud

894 2027 1052 2056 Romanos
1067 2033 1152 2054 tanta
1171 2025 1270 2063 viguit
1292 2021 1465 2053 crudelitas.
1494 2024 1564 2052 Suc-

893 2065 998 2095 tonius
1019 2088 1028 2100 ‚
1048 2063 1211 2094 hominum
1246 2062 1345 2097 rudis,
1373 2061 1445 2091 licet
1467 2062 1565 2091 multa

894 2103 1044 2141 scripserit
1067 2126 1075 2138 ‚
1101 2102 1212 2140 quibus
1236 2102 1266 2131 in
1288 2110 1396 2132 eorum
1418 2099 1564 2129 notitiam

894 2143 1001 2173 venire
1016 2141 1175 2180 potuiiset‚
1190 2151 1347 2179 perperam
1360 2139 1402 2169 ait
1412 2138 1443 2168 in
1453 2139 1565 2170 Claud.

895 2183 1037 2211 XXXIV.
1075 2190 1145 2210 eum
1174 2181 1278 2219 soeiwn
1306 2179 1335 2209 [r
1352 2178 1565 2218 sanguinarium

894 2222 994 2249 natm-a*
1009 2219 1099 2259 susse.

937 2266 945 2286 ³
969 2261 1062 2290 Fatus
1089 2259 1247 2295 oercir]
1280 2257 1342 2288 Dio
1364 2280 1374 2294 ,
1398 2255 1466 2286 LX.
1498 2265 1566 2294 pag.

935 2343 949 2360 4
970 2340 1049 2370 Auo
1076 2348 1269 2369 ‘rmusrmuu
1289 2345 1430 2370 JUSSERlT
1448 2335 1463 2372 ]
1482 2334 1567 2371 Dio,

895 2377 974 2409 ibid.

1259 2431 1291 2470 B
1307 2429 1330 2469 b
1346 2428 1368 2468 b

1581 235 1694 250 za

1577 275 1607 299 A.
1620 277 1653 300 U.
1662 277 1694 301 C.

1601 330 1672 360 795·

1606 380 1630 403 J.
1641 379 1671 403 c.

1612 435 1664 462 42.
