1952 2708
355 146 451 193 462
794 133 1309 178 APPENDIX

353 229 393 254 ut
414 214 556 252 facilius
581 221 743 262 expertes
768 211 885 262 culpae
907 213 1156 256 crederentur,
1183 230 1204 247 α
1217 212 1426 262 impudicos
1439 230 1459 246 ω
1480 213 1725 262 probaverant
1737 226 1760 257 ,·

354 286 373 300 a
402 270 435 302 δε
470 264 519 301 ob
546 263 583 300 id
605 276 721 314 neque
741 264 838 313 apud
869 263 1019 307 ducem,
1042 276 1159 314 neque
1179 263 1276 312 apud
1293 263 1425 301 milites
1441 264 1548 300 ullius
1571 266 1750 303 momenti

352 335 370 349 υ
398 314 464 353 effe
479 313 633 364 potuisse
647 315 655 330 ¹
673 332 706 351 ω.
726 313 782 350 Ne
796 313 893 350 idem
916 313 1047 350 rediret
1068 313 1267 361 periculum
1279 339 1290 356 ,
1323 331 1342 345 α
1358 314 1533 363 geminari
1560 316 1669 352 castra
1694 317 1749 353 le-

351 385 371 399 »
400 366 553 416 gionum
569 384 588 397 2>
614 363 865 412 prohibitum²
890 377 934 399 τα
950 376 1017 400 nec
1037 363 1118 412 plus
1143 364 1250 414 quam
1274 362 1374 400 mille
1395 376 1560 401 nummos
1586 367 1596 385 ³
1620 380 1639 402 a
1654 380 1751 416 quo-

351 435 371 450 „
400 428 506 466 quam
533 415 579 451 ad
606 414 703 464 figna
727 413 864 463 deponi
878 432 909 450 ω.
938 413 1120 451 Antonius
1149 414 1246 450 enim
1274 413 1371 460 apud
1394 414 1542 450 duarum
1560 414 1750 464 legionum

352 466 505 504 hiberna
520 493 529 509 ,
550 478 593 502 ex
617 463 863 514 depositorum
881 463 990 501 etiam
1010 464 1166 507 summa,
1195 463 1367 499 fiduciam
1392 464 1520 512 cepisse
1546 464 1746 503 videbatur.

352 516 550 552 Imminuta
569 528 716 566 quoque
739 515 921 552 nobilium
948 513 1133 562 potentia,
1163 513 1327 563 quaedam
1354 527 1397 551 ex
1427 514 1591 550 maximis
1619 515 1747 552 officiis

353 567 447 604 inter
465 566 655 603 libertinos
682 565 884 614 militesque
914 564 1098 601 Romanos
1122 563 1402 601 communicata.
1440 564 1605 614 Longius
1629 565 1749 602 adhuc

353 616 541 667 prospexit
554 615 744 665 suspicacis
762 614 937 663 Principis
955 627 1039 651 cura
1054 628 1062 651 :
1078 614 1232 664 cumque
1247 614 1398 651 ebrietas
1415 613 1453 650 in
1473 614 1670 652 seditiones
1692 615 1749 652 fa-

354 667 426 704 cile
443 666 651 704 effervescat
666 693 675 709 ‚
697 665 749 701 uti
777 667 847 712 jam
874 665 957 701 ante
977 664 1020 701 de
1036 664 1116 701 Asia
1138 676 1366 714 compertum
1380 692 1390 708 ,
1415 664 1576 701 causatus
1604 683 1623 697 oc
1638 665 1749 703 uber-

354 735 374 750 „
401 727 512 754 tatem
531 717 608 753 vini
629 744 637 760 ‚
659 715 827 751 frumenti
852 715 1037 764 inopiam,
1062 715 1251 764 nimioque
1277 715 1460 751 vinearum
1475 715 1593 751 studio
1611 716 1750 766 negligi

354 786 374 800 ο)
402 780 486 804 arva
499 785 517 799 ³>
530 795 539 811 ‚
558 765 687 808 edixit,
704 783 723 797 <c
750 778 795 801 ne
808 765 885 814 quis
906 765 943 800 in
964 763 1070 801 Italia
1086 765 1289 801 novellaret
1304 766 1320 785 ⁴
1333 779 1341 800 :
1356 776 1468 814 utque
1490 765 1526 800 in
1546 766 1748 814 provinciis

357 836 376 850 υ
402 817 524 854 vineta
548 815 841 856 succiderentur3
869 815 990 852 relis’ta
1004 815 1067 851 ubi
1092 814 1288 864 plurimum
1309 815 1458 851 dimidia
1483 826 1584 862 parte
1598 833 1631 851 22.
1664 818 1750 862 Qua.

356 877 475 904 tamen
502 867 538 901 in
564 878 598 902 re
615 865 842 914 exsequenda
860 864 957 900 haud
972 864 1021 901 ita
1044 865 1287 913 perseveravit
1303 893 1311 909 ‚
1339 865 1399 902 seu
1414 876 1569 901 mutatus
1584 865 1751 913 precibus

356 915 565 965 Scopeliani
582 942 590 957 ‚
613 927 632 951 a
648 916 781 951 cuns'tis
803 914 891 952 Asice
915 915 1121 952 civitatibus
1135 944 1144 959 ,
1163 926 1202 952 ut
1218 915 1255 951 id
1271 915 1542 964 deprecaretur,
1561 915 1648 951 missi
1661 944 1669 958 ,
1690 916 1751 953 seu

358 967 481 1016 potius
495 977 591 1003 metu
609 965 815 1016 compulsus
828 994 836 1009 ‚
862 965 960 1015 quod
976 965 1079 1015 sparsi
1105 977 1181 1001 tum
1201 965 1316 1002 libelli
1331 979 1412 1002 cum
1424 965 1561 1002 Graeeis
1572 965 1727 1002 versibus
1739 993 1753 1011 ‚

356 1019 426 1053 hac
441 1016 617 1053 sententia
637 1029 645 1051 ε
671 1033 692 1047 <e
710 1015 816 1052 Rode
837 1015 970 1059 vitem3
989 1016 1076 1052 hinc
1094 1027 1213 1052 tamen
1231 1016 1298 1053 erit
1321 1047 1328 1057 ,
1344 1015 1445 1065 quod
1470 1016 1507 1051 in
1526 1016 1754 1054 niaRandum

356 1086 376 1100 ω
403 1066 580 1103 Caesarem
599 1065 781 1115 spargatur
795 1084 824 1103 n.
840 1065 984 1112 Quibus
1004 1077 1208 1102 commotus
1224 1093 1233 1110 ,
1263 1066 1370 1102 ediffi
1397 1065 1440 1102 de
1462 1066 1670 1103 excidendis
1697 1067 1754 1103 vi-

358 1116 433 1153 neis
452 1115 628 1164 propositi
644 1116 795 1164 gratiam
817 1115 903 1152 fecit
922 1117 947 1152 ⁵.
968 1116 1116 1165 Insuper
1143 1116 1265 1151 datum
1279 1115 1488 1164 Scopeliani
1509 1116 1753 1165 eloquentiae,

358 1177 398 1202 ut
418 1167 480 1215 qui
499 1166 536 1201 in
549 1164 630 1201 Asia
643 1166 733 1201 vites
754 1178 831 1202 non
855 1165 1008 1203 sererent
1026 1194 1034 1208 ‚
1063 1166 1298 1203 multarentur
1316 1165 1342 1201 ⁶.
1372 1164 1445 1201 Sub
1465 1165 1633 1214 Principe
1653 1194 1663 1210 ,
1692 1167 1754 1203 cui

357 1216 461 1252 ludus
487 1215 555 1252 fuit
569 1215 705 1251 muscas
725 1227 869 1265 captare
894 1229 936 1252 ac
958 1217 1050 1266 stylo
1075 1227 1259 1265 praeacuto
1281 1215 1484 1265 configere,
1509 1215 1655 1265 quidam
1678 1229 1755 1253 coe-
1791 1241 1796 1243 -

357 1279 466 1316 pere,
488 1279 590 1303 novo
621 1265 776 1309 scelere,
810 1267 995 1303 venenatis
1029 1267 1163 1303 acubus
1195 1267 1327 1303 obvios
1356 1278 1515 1316 pungere
1539 1279 1550 1309 3
1581 1266 1749 1316 morsque

357 1317 451 1365 Repe
468 1316 539 1353 fine
554 1315 633 1351 ullo
651 1316 790 1352 doloris
806 1316 908 1352 sensu
931 1317 1160 1353 inferebatur.
1182 1317 1298 1353 Furor
1310 1345 1319 1361 ,
1340 1316 1402 1366 qui
1417 1316 1542 1352 nonin
1559 1315 1657 1352 Urbe
1676 1327 1756 1353 tan-

358 1367 437 1402 tum
455 1394 464 1409 ,
482 1366 541 1402 sed
557 1365 704 1414 pessimo
722 1366 890 1403 aemulatu
906 1379 969 1415 per
986 1378 1105 1403 totum
1122 1367 1311 1416 imperium
1330 1365 1545 1416 grassabatur
1562 1367 1588 1408 ⁷,
1609 1378 1753 1404 reorum

361 1427 477 1454 morte
502 1415 683 1465 repressus.

673 1489 813 1526 ANNUS
842 1488 891 1525 U.
913 1487 956 1524 C.
986 1501 1192 1526 Dccchvr.
1248 1489 1279 1524 J.
1309 1490 1344 1525 C.
1384 1500 1448 1537 93.

414 1563 594 1613 Pompeio
611 1563 789 1613 Collega,
808 1563 987 1600 Cornelio
1002 1563 1124 1600 Prisco
1152 1563 1370 1600 consulibus.
1390 1563 1502 1600 Verso
1522 1563 1567 1599 ad
1581 1562 1754 1600 saevitiam

359 1614 529 1661 Principe
556 1641 565 1657 ‚
597 1614 712 1650 crevit
742 1614 945 1650 delatorum
975 1614 1150 1657 audacia3
1173 1613 1353 1664 bonisque
1377 1613 1545 1650 omnibus
1561 1613 1755 1649 formidata

360 1664 511 1699 nomina
527 1691 535 1706 ,
561 1663 674 1699 Carus
704 1663 856 1706 Metius,
878 1663 1042 1699 Catullus
1067 1664 1270 1701 Messalinus
1284 1691 1293 1707 ,
1321 1664 1464 1700 Marcus
1479 1663 1657 1712 Regulus,
1681 1665 1756 1698 Pu-

360 1713 490 1749 blicius
510 1715 655 1755 Certus,
689 1715 722 1748 &
752 1712 882 1749 Bebius
907 1713 1029 1750 Massa.
1053 1714 1129 1750 Hic
1143 1744 1151 1756 ,
1176 1714 1281 1762 supra
1300 1712 1437 1749 infitam
1453 1713 1639 1762 perfidiam
1657 1741 1665 1756 ‚
1686 1713 1751 1748 suo

361 1775 509 1813 quoque
529 1762 693 1812 periculo
716 1762 843 1799 audax.
866 1763 1009 1799 Baeticis
1033 1763 1130 1799 enim
1148 1763 1380 1813 querentibus
1395 1790 1404 1805 ‚
1437 1774 1566 1799 contra
1593 1775 1675 1799 eum
1701 1762 1755 1798 se-

361 1823 463 1848 natus
479 1812 637 1848 Plinium
662 1824 743 1849 cum
758 1813 949 1849 Herennio
976 1814 1177 1850 Senecione
1193 1814 1411 1850 advocatum
1428 1812 1631 1863 provinciae
1646 1811 1754 1848 dede-

362 1874 414 1898 rat
430 1864 455 1898 ⁸.
486 1862 585 1898 Dum
602 1862 641 1898 fit
656 1862 838 1912 inquisitio
852 1891 860 1906 ,
882 1862 977 1899 obiit
995 1865 1062 1899 Cn.
1078 1863 1191 1900 Julius
1211 1863 1384 1919 Agricola
1400 1865 1412 1883 ⁹
1426 1894 1434 1906 ,
1460 1863 1561 1900 sexto
1585 1865 1620 1898 ὃς
1645 1863 1754 1912 quin-

360 1912 565 1962 quagefimo
580 1913 693 1948 aetatis
706 1925 815 1949 anno.
841 1915 973 1950 Rerum
987 1913 1160 1963 gestarum
1176 1913 1336 1950 claritate
1348 1941 1357 1957 ,
1373 1913 1618 1963 virtutumque
1645 1912 1755 1949 cons-

361 1963 476 1998 tantia
490 1989 499 2006 ‚
528 1963 708 1999 celebrata
727 1963 817 1999 olim
836 1964 985 2000 nomina
999 1974 1201 2014 aequaverat
1218 1978 1226 2000 :
1245 1963 1430 2013 propriam
1456 1964 1493 1999 in
1522 1963 1591 1999 hac
1612 1973 1752 2010 tempo-

362 2024 440 2048 rum
453 2012 656 2050 calamitate
675 2012 818 2050 laudem
834 2014 1039 2058 adsecutus,
1057 2015 1157 2064 quod
1177 2014 1248 2051 sine
1272 2014 1504 2050 contumacia
1523 2040 1533 2057 ‚
1560 2013 1631 2049 fine
1651 2011 1754 2048 inani

362 2062 552 2109 jaftatione
575 2063 772 2108 libertatis,
799 2064 860 2101 sed
883 2063 1135 2103 moderatione
1160 2068 1194 2102 <Sc
1217 2063 1432 2115 prudentia,
1456 2062 1628 2100 industria
1651 2061 1754 2098 fimul.

400 2170 408 2182 ι
426 2161 498 2189 Esse
519 2167 686 2196 porursst]
702 2164 818 2193 Sueton.
834 2165 863 2192 in
876 2164 1034 2193 Domit.X.
1077 2165 1168 2193 XIV.

365 2194 440 2224 Vide
455 2197 613 2225 &Dionem
628 2219 634 2228 ,
657 2201 710 2227 loc.
724 2200 770 2227 cit.
1109 2204 1120 2220 ⁶
1140 2202 1411 2233 Mum-Ammon]
1436 2200 1594 2228 Philostrat.
1617 2198 1651 2226 de
1673 2195 1750 2225 Vitis

398 2238 408 2251 ²
428 2230 635 2261 Pizofflmrum
651 2237 661 2266 ]
680 2234 794 2263 Sueton.
810 2236 838 2263 in
851 2235 1034 2263 Domir.VII.
1076 2236 1193 2270 Sophist.
1208 2237 1221 2264 Ι
1237 2257 1243 2266 ,
1264 2247 1307 2264 21.
1323 2246 1401 2264 num.
1417 2240 1442 2264 6.

400 2272 408 2289 ³
430 2267 531 2294 Mitte
555 2273 713 2301 NUMMOS]
739 2269 855 2298 Gallicae
869 2280 986 2299 monetae
1001 2271 1036 2298 li-
1111 2278 1121 2294 7
1138 2271 1375 2300 GRASSABATUR
1394 2275 1405 2303 ]
1436 2271 1514 2304 Dio,
1528 2268 1664 2301 LXVII,
1687 2276 1751 2302 pag.

363 2300 425 2328 bras
440 2311 496 2334 194.
512 2302 556 2328 De
571 2301 639 2330 fiscis
652 2305 817 2333 militaribus
829 2306 949 2335 diximus
958 2305 1035 2340 supra
1075 2310 1135 2338 764.

363 2337 392 2364 in
403 2336 484 2363 Notis
498 2337 784 2367 &Emendationibus
795 2340 830 2368 ad
840 2341 944 2369 Annal.
958 2342 981 2374 1,
992 2350 1032 2376 37.
1111 2344 1120 2360 2
1142 2342 1294 2369 DEDERAT
1313 2345 1322 2373 ]
1354 2341 1426 2368 Plin.
1454 2339 1536 2374 Epist.
1571 2338 1631 2367 VII
1659 2358 1667 2368 ‚
1707 2345 1752 2373 33.

398 2377 410 2394 4
427 2372 660 2404 NovELLARET]
676 2373 788 2401 Sueton.
803 2376 912 2405 loc.cit.
1074 2377 1167 2404 Tacit.
1184 2376 1246 2404 Vir.
1262 2377 1355 2411 Agric.
1369 2375 1463 2403 XLV.

400 2409 408 2426 ⁵
427 2406 583 2436 Gan-mm
604 2412 711 2441 Fecit]
741 2409 853 2439 Sueton.
876 2411 905 2438 in
922 2411 1033 2440 Domit‚
1109 2418 1120 2436 9
1141 2411 1331 2443 Aerucowi]
1353 2410 1446 2439 Tacit.
1460 2406 1751 2443 Vir-AgflC-XLIV·
