1952 2708
345 160 410 199 94
586 142 635 183 o.
702 139 1125 182 CORNELII
1188 139 1485 186 TAC1T1

339 232 509 269 vitatum
550 223 770 266 sancirent:
805 236 924 277 atque
958 223 1015 264 ita
1043 223 1213 266 inritatis
1249 226 1449 280 utrimque
1483 222 1626 268 animis
1668 222 1734 272 diff

340 291 504 334 cessum.

400 350 635 394 XXVIII.
670 350 845 390 EADEM
872 351 997 391 aestate
1032 351 1179 391 cohors
1203 351 1429 406 Usipiorum
1449 358 1460 374 ¹
1482 382 1494 403 ,
1525 368 1596 408 per
1622 355 1728 395 Ger-

336 418 487 459 manias
511 415 764 471 conscripta‚
796 419 836 455 &
858 416 899 454 in
926 413 1171 454 Britanniam
1198 415 1439 466 transmiffa,
1466 431 1655 471 magnum
1681 432 1728 458 ac

337 477 600 522 memorabile
621 479 775 519 facinus
797 478 887 518 ausa
909 478 973 517 est.
996 477 1149 518 Occiso
1176 479 1414 519 centurione
1436 494 1482 519 ac
1505 478 1697 520 militibus
1711 508 1725 530 ,

337 546 407 599 qui
424 544 473 584 ad
491 542 722 584 tradendam
740 540 991 597 disciplinam
1011 541 1185 581 immixti
1206 541 1420 598 manipulis
1442 545 1479 592 ²,
1495 542 1728 598 exemplum

336 612 381 649 &
417 608 586 648 rectores
623 604 871 646 habebantur
892 633 904 654 ‚
939 618 1019 645 tres
1046 602 1262 646 liburnicas
1288 610 1299 634 ³
1322 635 1335 656 ‚
1373 605 1517 647 adactis
1546 621 1614 662 per
1642 607 1727 647 vim

336 669 694 727 gubernatoribus,
724 668 960 709 ascendere:
1000 672 1040 707 &
1070 683 1152 709 uno
1192 670 1432 723 remigrante
1465 674 1511 720 4,
1541 669 1729 726 suspeffls

336 734 493 776 duobus
513 734 642 787 eoque
665 731 906 782 interfectis,
932 731 1113 772 nondum
1136 730 1305 787 vulgato
1322 747 1483 773 rumore
1500 763 1513 784 ,
1542 746 1586 773 ut
1614 734 1729 773 mira-

336 797 475 839 culum
503 794 856 853 provehebantur5
886 812 893 834 :
921 809 1019 835 mox
1054 794 1130 835 hac
1160 807 1278 849 atque
1304 794 1374 836 illa
1403 798 1534 852 rapti,
1564 800 1604 837 &
1635 811 1728 837 cum

337 860 535 918 plerisque
560 860 842 899 Britannorum
860 887 872 908 ,
900 858 967 898 sua
991 858 1284 899 defensantium
1300 889 1313 909 ,
1340 859 1487 915 proelio
1511 860 1727 914 congreffi,

335 939 384 965 ac
414 925 512 980 saepe
538 923 730 971 merom,
759 921 974 976 aliquando
1011 920 1109 978 pulli
1125 952 1138 972 ,
1165 924 1214 963 eo
1254 922 1303 963 ad
1334 936 1555 964 extremum
1584 924 1729 979 inopiae

336 988 511 1036 venere,
538 998 581 1025 ut
601 985 880 1025 infirmissimos
905 985 1090 1035 suorum,
1116 1000 1214 1026 mox
1240 986 1342 1026 sorte
1367 987 1503 1027 duetos
1524 986 1728 1027 vesceren-

336 1064 423 1091 tur:
451 1063 567 1103 atque
587 1050 641 1088 ita
664 1049 922 1089 circumve'Sti
942 1049 1190 1090 Britanniam
1211 1048 1228 1070 ⁶
1241 1078 1253 1099 ,
1278 1050 1417 1090 amillis
1438 1065 1508 1106 per
1526 1049 1728 1090 inscitiam

336 1113 504 1168 regendi
530 1110 696 1152 navibus
712 1141 724 1162 ,
753 1127 825 1168 pro
856 1111 1106 1167 praedonibus
1133 1111 1287 1162 habiti,
1315 1115 1484 1169 primum
1510 1129 1530 1153 a
1554 1113 1696 1153 Suevis
1715 1141 1727 1163 ,

337 1191 436 1218 mox
461 1192 482 1216 a
503 1175 632 1217 Frisiis
657 1176 873 1231 intercepti
895 1175 1005 1215 sunt:
1035 1191 1081 1216 ac
1104 1175 1242 1226 fuere,
1269 1190 1368 1229 quos
1393 1192 1461 1232 per
1485 1177 1730 1217 commercia

335 1239 602 1281 venumdatos
616 1268 629 1289 ,
653 1243 694 1279 ὃς
716 1240 757 1279 in
778 1240 948 1279 nostram
970 1239 1093 1292 usque
1113 1240 1239 1295 ripam
1260 1241 1485 1280 mutatione
1509 1241 1730 1280 ementium

336 1304 549 1352 adductos,
568 1302 762 1343 indicium
783 1303 883 1343 tanti
901 1302 1012 1343 casus
1028 1300 1261 1343 inlustravit.
1282 1303 1405 1343 Initio
1423 1304 1558 1343 aestatis
1580 1308 1593 1330 7
1615 1303 1732 1357 Agri-

340 1366 432 1408 cola
449 1395 461 1416 ‚
489 1365 709 1406 domestico
735 1364 901 1406 vulnere
928 1367 1051 1416 icius,
1077 1381 1182 1406 anno
1207 1366 1298 1406 ante
1324 1380 1462 1407 natum
1482 1365 1610 1405 filium
1632 1367 1730 1406 ami-

339 1430 398 1470 slt.
423 1431 559 1484 Quem
585 1429 717 1469 casum
744 1444 894 1483 neque,
917 1442 961 1469 ut
986 1428 1165 1485 plerique
1186 1430 1350 1471 fortium
1372 1432 1549 1471 virorum
1566 1459 1579 1480 ,
1609 1428 1730 1470 ambi-

338 1494 442 1533 tiose
456 1521 467 1542 ,
498 1507 625 1546 neque
652 1507 720 1548 per
744 1491 920 1534 lamenta
946 1493 1075 1532 rursus
1102 1509 1148 1534 ac
1170 1508 1375 1534 maerorem
1398 1492 1648 1534 muliebriter
1669 1506 1729 1533 tu-

337 1554 407 1597 lit:
433 1560 471 1596 &
500 1557 541 1594 in
570 1554 677 1594 luctu
700 1554 853 1595 bellurn
878 1557 982 1596 inter
1008 1557 1183 1597 remedia
1206 1570 1301 1598 erat.

401 1619 582 1661 XXIX.
616 1619 801 1659 Itu-rm<
825 1617 1019 1675 praemissss.
1039 1619 1178 1671 classe,
1201 1635 1284 1675 quae
1306 1619 1484 1677 pluribus
1508 1619 1610 1662 locis
1633 1635 1729 1677 prae-

380 1774 388 1788 ¹
414 1769 542 1799 Conons
570 1768 754 1797 Usmonum
784 1771 794 1801 ]
827 1767 875 1797 De
905 1766 1014 1806 Ufipiis

338 1809 453 1839 dictum
471 1807 558 1846 supra
576 1806 614 1836 de
630 1806 771 1837 Moribus
783 1808 1014 1838 Germanorum

337 1859 402 1886 cap.
427 1857 475 1885 32.

377 1891 388 1903 ²
411 1888 548 1917 Immxn
572 1886 916 1923 MANlPUL1s]Peditum
927 1894 1013 1916 erant

336 1925 510 1975 manipuli,
532 1933 566 1955 ut
591 1934 698 1956 turmae
716 1925 866 1963 equitum.
889 1924 1012 1955 Cohors

334 1967 411 1996 vero
429 1964 585 2009 sexaginta
612 1964 798 2008 manipulis,
818 1972 871 1994 aut
898 1973 1013 1995 contu-

334 2005 472 2041 berniis,
498 2004 530 2034 id
545 2004 585 2034 est
601 2008 660 2034 600
684 2003 865 2034 hominibus
890 2004 1010 2034 consta

334 2045 398 2075 bat.
415 2029 581 2074 Co'horti
565 2052 690 2082 praeerat
706 2043 859 2074 centurio
875 2044 949 2072 Sino
934 2043 1010 2081 ulis

335 2083 502 2127 manipulis
526 2106 535 2119 ,
567 2083 619 2113 seu
643 2083 856 2114 contuberniis
887 2082 1011 2127 Usipio-

335 2133 423 2158 rum,
446 2122 561 2152 milites
589 2123 722 2152 Romani
748 2121 834 2153 fuere
864 2121 1010 2153 immixti.

336 2146 513 2200 Mani'pulos
530 2172 585 2200 pro
608 2162 823 2192 contuberniis
843 2161 905 2192 dici
930 2170 1013 2206 patet

338 2212 378 2232 ex
395 2201 528 2245 Vegetio
560 2202 691 2239 11,.13
719 2201 782 2230 Alii
805 2209 890 2232 erant
911 2201 1012 2231 mani-

337 2240 422 2285 puli,
435 2250 488 2280 qur
500 2241 615 2270 duabus
629 2240 796 2277 centuriis,
818 2241 938 2271 seuzoo
951 2241 1011 2271 ho-

337 2279 475 2310 minibus
498 2279 699 2317 constabant,
716 2288 751 2310 ut
771 2281 864 2311 docet
877 2280 1011 2311 Cencius

337 2319 420 2358 apud
432 2319 591 2355 Gellium,
609 2321 698 2355 XVI,
726 2331 755 2356 4.

378 2364 388 2384 3
422 2359 509 2389 Tus
531 2368 713 2389 uauamcas
734 2361 748 2395 ]
778 2359 825 2390 De
847 2358 1010 2390 liburnicis

335 2398 402 2438 iam
417 2398 534 2439 egimus
550 2397 635 2437 supra
649 2398 762 2430 Annal.
776 2400 867 2437 XVI,
887 2410 933 2437 ¹4·

1092 1772 1107 1791 4
1128 1770 1197 1798 ΠΝο
1219 1770 1451 1806 murenam-n]
1475 1770 1557 1799 Unus
1583 1768 1729 1807 remigra-

1054 1806 1119 1844 vit,
1134 1807 1245 1846 scapha
1263 1808 1345 1838 forte
1359 1809 1484 1848 elapsus.
1509 1807 1606 1838 Aliter
1622 1817 1728 1838 tamen

1054 1847 1160 1876 locum
1172 1847 1254 1877 hunc
1271 1848 1406 1886 explicat
1423 1848 1471 1877 Ill.
1488 1847 1630 1877 Huetius.
1648 1847 1729 1878 Vide

1054 1887 1154 1916 Notas
1172 1887 1205 1917 &
1220 1887 1464 1917 Emendationes
1478 1887 1516 1916 ad
1530 1896 1595 1924 cap
1608 1889 1657 1916 28.

1095 1930 1103 1951 5
1128 1927 1172 1956 Ur
1195 1928 1409 1963 MIRAcquJm]
1431 1928 1477 1956 Ita
1501 1926 1635 1956 secunde
1656 1935 1728 1964 pro*

1054 1961 1270 2001 vehebantur,
1296 1975 1330 1997 ut
1346 1976 1391 1997 res
1409 1965 1618 1996 admiratione
1635 1975 1726 2004 pror-

1054 2005 1098 2035 sus
1117 2005 1210 2044 digna
1225 1989 1305 2035 effer.

1092 2045 1106 2062 ⁶
1128 2046 1358 2076 Cmcumvscri
1381 2044 1607 2080 Bau-anniani]
1635 2042 1727 2073 Unde

1053 2083 1110 2114 fint
1135 2084 1264 2122 profecti
1286 2108 1294 2121 ,
1328 2084 1493 2122 quomodo
1526 2081 1726 2114 circumvecti

1052 2123 1241 2153 Britanniam
1259 2147 1267 2160 ,
1304 2133 1412 2153 eorum
1442 2123 1590 2164 denique
1601 2121 1725 2159 naviga-

1051 2162 1148 2193 tionis
1168 2163 1287 2193 cursum
1309 2161 1486 2200 erroresque
1504 2160 1661 2200 inquirere
1673 2171 1724 2190 cu-

1052 2202 1188 2240 riosum;
1212 2210 1243 2232 at
1262 2201 1383 2238 longius
1406 2200 1497 2231 foret
1518 2202 1626 2239 Itaque
1649 2199 1724 2230 vide

1053 2243 1152 2272 Notas
1164 2242 1198 2272 &
1212 2239 1455 2270 Emendationes
1478 2240 1515 2270 ad
1533 2250 1597 2277 cap.
1614 2241 1663 2268 28.

1090 2288 1103 2307 7
1124 2283 1225 2310 Immo
1244 2280 1397 2316 Jrsrans]
1418 2279 1515 2310 Initio
1528 2278 1662 2317 septimae
1672 2277 1723 2307 aes«

1051 2320 1138 2350 tatis·
1132 2344 1140 2357 ,
1154 2329 1237 2349 anno
1250 2318 1339 2349 Urbis
1353 2319 1487 2349 conditae
1503 2328 1722 2352 Dcccxxxv11‚

1050 2359 1119 2388 Jesu
1142 2358 1251 2388 Christi
1277 2361 1325 2395 84.
1351 2358 1431 2390 Vide
1445 2360 1546 2391 Notas
1559 2358 1592 2391 ὃς
1608 2359 1723 2389 Ει·η<ὲῐ).«Λ

1051 2398 1194 2430 dationes
1208 2398 1248 2429 ad
1265 2407 1329 2437 cap.
1344 2399 1394 2429 28·

1756 804 1812 839 10

1757 1119 1810 1163 ¹5

1753 1436 1814 1470 20
