1952 2708
493 163 1191 207 CHRONOLOGICA.
1445 182 1532 221 443

153 243 305 286 Ceriali,
329 240 498 278 decessori
518 240 607 283 suo,
634 251 741 288 quem
766 239 869 287 supra
895 242 1173 279 memoravimus
1202 244 1210 260 ¹
1236 271 1244 286 ‚
1272 242 1370 280 haud
1387 243 1502 293 impar
1525 272 1537 289 ‚

149 293 306 328 validam
325 294 359 327 &
375 302 577 339 pugnacem
589 289 745 326 Silurum
767 300 911 338 gentem
929 289 1137 339 subegerat3
1153 293 1256 340 super
1271 295 1439 331 virtutem
1453 294 1538 331 hos-

149 341 258 383 tium,
287 340 455 377 locorum
486 352 632 390 quoque
663 339 888 376 difficultates
919 339 1089 376 elu&atus
1112 342 1138 378 ².
1173 342 1425 379 Saborensrbus
1455 345 1464 363 ³
1499 345 1539 381 in

146 391 327 440 Hispania
343 390 546 441 permissum
562 417 574 435 ,
599 402 639 427 ut
654 389 833 439 oppidum
851 388 916 425 sub
929 390 1103 440 Principis
1116 392 1266 430 nornine
1283 393 1510 432 exstruerent.

484 462 962 501 ANNusU.C.Dcccxxx1.
1015 467 1048 500 J.
1061 464 1097 500 C.
1127 465 1190 510 78.

202 541 242 578 L.
263 540 425 579 Ceionio
444 540 656 578 Commodo
672 571 682 587 ,
698 541 854 578 Decimo
874 539 1004 577 Novio
1023 538 1145 575 Prisco
1163 539 1371 577 consulibus
1383 571 1390 583 ‚
1403 543 1540 592 Vespa-⁴

150 591 235 627 fiani
251 591 441 629 clementia
455 618 464 634 ‚
478 591 538 629 vel
567 592 628 628 sua
653 591 746 628 inter
763 590 923 640 pericula
945 590 1112 626 haetenus
1130 588 1261 631 illaesa,
1282 590 1431 628 insolito
1459 594 1541 629 casu

151 641 199 679 est
214 642 360 678 infrafflr
374 655 386 685 3
405 655 512 692 quem
535 652 575 678 ut
592 654 772 690 exponam
785 669 795 685 ‚
810 654 862 678 res
880 640 985 676 altius
1000 639 1206 688 repetenda.
1236 638 1348 676 Julius
1364 641 1515 678 Sabinus
1529 669 1541 686 ,

149 692 248 739 apud
265 692 392 728 Gallos
411 692 542 740 opibus
562 691 764 740 praecipuus
778 719 786 735 ‚
812 694 845 727 ὃ(
863 691 951 726 falsa
978 689 1055 725 divi
1073 688 1158 726 Julii
1178 689 1284 738 stirpe
1300 703 1413 726 vanus
1425 719 1434 734 ,
1462 693 1542 728 (Στε-

151 741 264 777 sarem
278 741 313 777 se
328 741 471 777 salutari
488 741 638 787 jusserat.
655 743 857 791 Sequanos,
876 740 1051 777 Romanis
1072 739 1165 775 fidos
1181 767 1190 782 ,
1216 739 1314 776 bello
1336 753 1543 789 provocare

151 791 278 833 ausus,
302 791 355 827 uti
375 793 444 838 jam
479 792 583 841 supra
611 791 761 828 relatum
789 790 837 827 est
851 792 880 829 4.
907 790 1046 826 Contra
1070 789 1139 825 fuit
1162 789 1307 825 fortuna
1330 804 1338 826 :
1363 790 1438 839 ipse
1461 803 1544 827 cum

150 840 389 889 popularibus
414 841 483 877 suis
504 841 732 891 Lingonibus
756 841 862 876 fusus.
897 840 1077 889 Captivos
1095 867 1105 883 ,
1135 840 1290 875 maxime
1323 839 1429 877 duces
1462 868 1471 884 ,
1510 844 1545 876 δε

150 890 288 927 Sabino
312 891 458 927 intimos
474 919 484 934 ‚
520 892 714 928 manebant
741 890 940 939 supplicia,
966 889 1175 927 rebellionis
1194 902 1316 938 poena.
1346 890 1455 926 Multi
1484 901 1545 925 aut

151 940 237 989 fuga
250 952 330 983 ‚aut
345 941 552 977 voluntaria
562 952 698 983 morte,
718 941 874 976 infamiae
898 940 933 976 se
952 940 1162 976 subduxere,
1195 939 1348 975 Sabinus
1368 941 1401 983 ⁵,
1421 952 1545 976 amore

152 990 275 1026 uxoris
298 990 366 1026 suae
386 990 566 1039 Eponincc
581 1018 591 1034 ,
615 1004 683 1027 nec
710 990 831 1038 fugam
854 1016 863 1033 ,
883 1002 949 1026 nec
969 999 1123 1026 mortem
1146 999 1282 1025 tentare
1308 989 1492 1033 sustinuit3
1511 1001 1546 1025 at

151 1051 226 1076 arte
244 1040 325 1076 usus
351 1040 424 1083 est,
459 1051 499 1075 ut
536 1041 667 1076 famam
704 1040 806 1077 exitii
836 1040 888 1075 sui
914 1039 1090 1088 vulgaret.
1130 1039 1273 1088 Nempe
1309 1040 1480 1077 concessit
1509 1040 1546 1075 in

151 1089 275 1125 villam
290 1117 300 1132 ‚
322 1090 359 1125 in
377 1090 448 1139 qua
470 1089 532 1125 fibi
554 1101 691 1127 certum
717 1090 784 1126 esse
802 1090 914 1126 vitam
940 1089 1042 1126 finire
1064 1089 1228 1131 fimulat3
1251 1089 1408 1139 ideoque
1426 1089 1547 1125 dimis-

152 1139 193 1175 fis
210 1139 327 1183 servis,
339 1140 430 1176 duos
444 1140 585 1175 tantum
599 1140 750 1176 libertos
763 1139 824 1174 fibi
837 1139 1020 1175 fidissimos
1032 1139 1172 1176 retinet.
1184 1139 1230 1174 Iis
1240 1139 1365 1176 secreti
1378 1139 1548 1183 consciis,

152 1189 417 1226 subterraneam
431 1190 575 1238 specum
588 1217 597 1232 ‚
610 1189 811 1226 condendis
826 1190 998 1226 thesauris
1013 1189 1105 1225 clam
1129 1189 1218 1225 olim
1243 1200 1401 1238 paratam
1412 1218 1419 1232 ,
1433 1189 1527 1226 subit
1538 1203 1549 1225 :

155 1251 241 1276 mox
262 1240 409 1276 incensa
421 1240 527 1283 villa,
555 1239 755 1276 Martialem
772 1268 781 1283 ‚
798 1253 817 1276 e
833 1239 974 1276 duobus
990 1239 1127 1276 libertis
1139 1239 1308 1282 alterum,
1335 1239 1446 1276 mittit
1459 1268 1468 1283 ,
1486 1238 1549 1289 qui

155 1290 337 1337 Eponinae
354 1290 498 1326 nuntiet
517 1290 683 1325 maritum
706 1302 850 1326 veneno
868 1289 1075 1326 occubuisse
1091 1320 1099 1332 ‚
1128 1289 1272 1338 ejusque
1298 1301 1429 1338 corpus
1449 1290 1551 1325 flam-

154 1339 220 1375 mis
236 1339 398 1375 haustum
419 1353 427 1375 t
444 1350 581 1384 certus,
608 1340 744 1388 quanto
768 1340 929 1376 atrocior
947 1339 1040 1376 foret
1061 1339 1183 1374 uxoris
1209 1339 1320 1374 luens
1337 1367 1346 1382 ,
1365 1340 1467 1375 tanto
1495 1339 1550 1376 ci-

154 1390 286 1426 tiorem
310 1388 660 1439 manifestioremque
688 1389 765 1426 fore
787 1390 913 1426 mortis
946 1389 1015 1425 succ
1053 1388 1172 1425 fidem.
1212 1389 1380 1436 Eponina
1405 1417 1414 1432 ‚
1454 1390 1550 1425 lustu

156 1452 277 1476 amens
291 1467 300 1482 ‚
319 1450 388 1475 tres
407 1440 481 1476 dies
497 1440 725 1489 totidemque
740 1442 863 1476 noaes
874 1438 1108 1476 muliebribus
1127 1438 1290 1474 lamentis
1305 1441 1338 1474 ὃς
1356 1438 1549 1483 eiulatibus

157 1489 420 1537 absumpserat,
439 1490 522 1526 cum
536 1490 687 1525 Sabinus
700 1516 709 1532 ,
728 1489 861 1526 veritus
882 1502 927 1526 ne
943 1489 1091 1538 longior
1114 1487 1254 1524 tristitia
1272 1487 1436 1525 dileeam
1455 1502 1550 1524 uxo-

155 1551 230 1575 rem
249 1539 416 1576 obrueret
445 1568 455 1583 ,
485 1539 690 1576 Martialem
714 1539 886 1583 remittit,
912 1540 974 1589 qui
995 1538 1160 1574 maritum
1177 1538 1300 1574 vivere
1325 1568 1332 1581 ,
1356 1549 1465 1575 artem
1495 1539 1551 1575 lo-

158 1601 312 1638 cumque
342 1590 493 1626 secessus
518 1589 669 1632 doceat,
691 1601 838 1627 moneat
865 1600 985 1625 tamen
1008 1600 1046 1625 ut
1067 1601 1129 1638 per
1157 1587 1296 1624 doloris
1328 1588 1551 1625 imitamenta

157 1638 317 1674 adultam
333 1639 518 1676 viduitatis
532 1639 662 1676 famam
681 1640 827 1676 nutriat.
862 1639 1033 1688 Eponina
1048 1669 1054 1681 ‚
1073 1639 1145 1688 qno
1161 1651 1197 1674 re
1214 1637 1331 1674 Iaetior
1344 1669 1352 1680 ,
1374 1639 1417 1674 eo
1432 1639 1552 1687 specie

159 1688 290 1725 tristior
306 1717 315 1733 ‚
335 1689 497 1725 lacrimas
512 1718 522 1733 ,
543 1690 699 1739 questu3‚
729 1701 917 1738 ceteraque
940 1689 1140 1738 lugentium
1158 1698 1231 1723 atra
1249 1687 1447 1737 ingeminat
1466 1702 1476 1731 ;
1509 1701 1552 1724 ac

159 1738 306 1775 tandem
329 1739 486 1776 obscuro
506 1740 620 1777 nostis
638 1740 700 1775 usa
717 1768 727 1784 ‚
754 1740 792 1775 in
808 1739 925 1775 mariti
953 1739 1135 1787 amplexus
1171 1737 1241 1774 ruit
1263 1750 1274 1780 ;
1311 1737 1552 1787 alloquioque

160 1800 318 1824 recreata
334 1816 344 1833 ‚
374 1789 524 1825 domum
546 1790 676 1839 repetit
691 1818 700 1833 ‚
725 1790 769 1826 ad
787 1800 891 1825 notas
907 1800 997 1825 artes
1012 1788 1182 1836 paratior.
1215 1787 1274 1823 Sic
1291 1789 1399 1823 exaffi
1418 1788 1551 1836 septem

161 1839 296 1874 menses
309 1866 318 1882 ‚
335 1838 418 1875 cum
438 1840 514 1888 spes
539 1840 658 1876 illuxit
678 1840 744 1876 effe
764 1840 799 1875 in
817 1840 918 1876 Urbe
941 1839 1056 1875 venire
1076 1839 1211 1873 locum.
1235 1837 1320 1872 Huc
1333 1837 1446 1874 statim
1463 1850 1553 1886 pro-

162 1887 331 1924 ficiscitur
353 1902 434 1925 cum
462 1890 592 1926 marito
613 1916 622 1933 ‚
651 1903 758 1939 quem
783 1900 922 1925 mutato
939 1889 1063 1924 habitu
1079 1916 1088 1932 ,
1109 1887 1216 1923 tonso
1245 1886 1381 1935 capillo
1409 1915 1418 1931 ‚
1453 1888 1550 1938 gale-

162 1937 351 1986 riculoque
376 1940 487 1987 capiti
521 1939 692 1988 adaptato
721 1968 730 1983 ‚
765 1939 817 1976 ita
842 1939 1036 1987 componit
1059 1969 1066 1980 ‚
1096 1948 1136 1972 ut
1155 1937 1296 1987 gratite,
1321 1937 1344 1972 fi
1372 1937 1411 1973 fit
1428 1938 1552 1982 locus,

162 2000 239 2023 non
262 1987 399 2035 injuriae
422 2016 431 2031 ‚
449 1988 472 2023 si
490 2000 603 2025 metus
622 1990 802 2038 ingrueret
819 2017 827 2032 ,
848 2000 979 2038 pateat.
1005 1988 1062 2024 Ibi
1078 2015 1086 2031 ‚
1115 1998 1155 2023 ut
1184 1985 1317 2022 miseris
1340 1987 1552 2038 plerumque

163 2037 287 2074 evenit
303 2065 312 2080 ‚
329 2049 518 2086 comperto
534 2038 615 2074 laeta
630 2038 673 2074 ab
695 2039 818 2075 amicis
834 2051 966 2076 temere
984 2037 1151 2087 promissa
1166 2065 1176 2080 ,
1206 2036 1316 2072 tristia
1344 2037 1551 2081 imminere,

161 2086 200 2123 in
226 2087 362 2123 Gallias
386 2087 502 2131 redit,
537 2091 570 2124 ὃς
593 2089 760 2126 maritum
777 2089 838 2125 sua
863 2090 901 2125 in
928 2090 1034 2137 specu
1062 2086 1240 2124 recondit.
1269 2086 1455 2124 Saevientis
1486 2087 1551 2123 fati

161 2136 291 2174 solatia
319 2137 416 2175 fuere
437 2165 447 2182 ,
480 2149 623 2175 mutuus
658 2151 779 2184 amor,
801 2139 992 2176 meliorum
1017 2148 1224 2187 temporum
1250 2147 1361 2182 vota,
1379 2148 1553 2188 grataque

199 2232 209 2245 ¹
233 2225 334 2254 Surum
354 2231 619 2259 thoniwmus]
637 2227 713 2256 Vide
733 2238 839 2256 annum
879 2238 955 2257 num.
975 2237 998 2256 r.
1011 2231 1039 2256 ὅ(
1052 2228 1206 2256 Marianam
1221 2249 1228 2258 ‚
1249 2227 1317 2263 Hist.
1331 2227 1485 2262 HtTpaniae,
1498 2225 1552 2256 IV,

166 2269 329 2290 Deccxxv.
899 2285 905 2292 .

199 2302 210 2315 ²
226 2297 429 2329 Etucmrus]
452 2297 544 2325 Tacit.
562 2297 626 2326 Vir.
646 2298 741 2333 Agr-ic.
752 2298 807 2326 IX.
879 2274 895 2297 4
915 2311 927 2327 4
945 2298 1099 2326 RELATUM
1115 2301 1186 2330 EST]
1204 2298 1295 2326 Tacit.
1308 2296 1450 2329 Hist.1V,
1465 2300 1507 2327 67·

202 2338 211 2355 ³
230 2330 458 2360 SABORENSIBUS
480 2336 490 2365 ]
515 2333 623 2361 Tabula
643 2344 719 2361 aenea
737 2341 840 2367 reperta
917 2342 926 2359 ς
949 2334 1100 2366 ΞΑΒιΝυε]
1120 2333 1263 2369 Egregium
1276 2333 1344 2360 illud
1356 2332 1553 2365 historiaefrag-

167 2363 287 2398 Cagneti
298 2376 378 2401 prope
387 2369 522 2395 Malacam
534 2388 540 2397 ‚
554 2378 626 2396 nunc
642 2369 753 2404 Malaga
767 2390 775 2399 ‚
793 2378 841 2401 po-
882 2377 1006 2396 mentum
1020 2368 1152 2397 debemus
1165 2367 1311 2396 Plutarcho
1322 2389 1329 2398 ,
1349 2368 1377 2395 in
1397 2366 1535 2405 Amatosio
1547 2386 1554 2394 ,

168 2400 294 2440 pulcrum
304 2402 410 2430 illorum
422 2401 510 2430 sedem
524 2404 560 2430 ibi
571 2403 645 2430 fuirse
658 2403 772 2432 indicat.
786 2403 843 2431 Ins-
882 2413 942 2438 pag.
962 2414 1014 2436 770
1033 2408 1060 2432 ὅ(
1073 2415 1120 2440 771
1134 2425 1142 2436 ,
1165 2413 1247 2439 quem
1260 2403 1359 2431 ducem
1372 2403 1415 2430 hic
1435 2404 1555 2430 maxrmt‘:

170 2442 333 2469 emptionem
342 2437 404 2466 vide
421 2438 493 2472 apud
506 2438 653 2468 Gruterum
666 2460 676 2474 ,
693 2448 719 2474 p.
733 2447 842 2470 ch1v‚
882 2437 1028 2475 sequimur.
1342 2475 1348 2481 .

1194 2479 1298 2521 Kkk
1321 2492 1348 2527 11
