1952 2708
370 151 454 197 136
616 143 664 182 C.
730 140 1135 184 CORNELII
1196 138 1507 184 TACITI

358 233 398 268 &
426 223 633 278 antiquum
656 224 832 279 fingitis,
860 239 941 264 non
975 222 1104 263 solum
1131 223 1277 264 eodem
1307 240 1412 265 anno
1439 240 1519 280 quo
1547 238 1649 277 nos,
1679 224 1747 267 sed

357 290 441 330 fere
466 288 611 329 eodem
636 288 770 328 mense
798 294 807 309 ¹
837 288 1019 328 eXtitisse.

419 352 574 393 XVII.
607 353 700 391 SED
729 351 885 392 transeo
921 351 970 390 ad
995 351 1161 390 Latinos
1191 364 1395 402 oratores,
1424 353 1465 391 in
1491 351 1632 405 quibus
1663 367 1746 394 non

355 416 616 464 Menenium,
636 429 681 455 ut
700 428 798 470 puto
815 444 827 464 ,
855 415 1078 468 Agrippam
1100 417 1135 463 ²,
1156 415 1222 466 qui
1244 416 1372 469 potest
1392 415 1519 455 videri
1537 417 1744 468 antiquus,

356 479 580 519 nostrorum
606 491 832 534 temporum
859 477 1010 517 disertis
1037 490 1279 532 anteponere
1306 476 1465 517 soletis:
1496 477 1562 518 sed
1582 478 1746 518 Cicero-

356 557 476 591 nem,
505 546 545 582 &
582 541 775 582 Caesarem
802 546 840 590 ³,
871 544 911 580 ὅ(
941 538 1121 578 Coelium
1145 545 1191 589 4,
1220 543 1259 580 ὅ(
1290 539 1464 580 Calvum
1491 544 1504 570 5
1521 569 1534 590 ,
1577 544 1616 580 &
1643 541 1745 580 Bru-

354 618 443 645 tum
464 603 504 655 6,
527 609 567 645 &
590 605 769 644 Afinium
783 634 796 654 ,
824 607 864 643 ὃς
888 602 1096 643 Messalam
1112 607 1126 629 ⁷
1146 619 1153 641 :
1182 617 1280 656 quos
1301 603 1461 657 quidem
1482 618 1552 643 cur
1574 604 1747 656 antiquis

355 668 603 724 temporibus
627 670 758 723 potius
781 665 1032 716 adscribatis,
1059 664 1177 719 quam
1200 667 1363 716 nostris,
1386 682 1469 707 non
1490 666 1628 707 video:
1653 681 1745 706 nam

356 746 401 772 ut
428 732 476 772 de
501 731 701 771 Cicerone
727 730 812 786 ipso
836 728 1002 783 loquar,
1033 730 1170 770 Hirtio
1196 744 1340 785 nempe
1363 733 1403 770 δε
1425 728 1549 770 Pansa
1573 728 1745 771 consuli-

355 793 430 835 bus
459 791 473 815 8
491 825 502 844 ,
529 808 572 834 ut
600 795 699 834 Tiro
735 793 900 833 libertus
930 791 1013 845 ejus
1041 792 1217 848 scripsit,
1248 793 1417 848 septimo
1445 793 1537 833 Idus
1563 793 1741 834 Decem-

356 856 436 898 bris
461 858 617 898 occisus
640 858 692 897 est
706 887 718 906 ,
748 871 827 910 quo
849 871 953 896 anno
974 855 1087 896 divus
1111 857 1310 910 Augustus
1330 857 1371 895 in
1392 854 1529 897 locum
1550 857 1680 897 Pansae
1703 859 1745 896 ὃς

356 921 483 962 Hirtii
503 921 540 961 se
565 925 605 960 ὃς
626 922 680 974 Q.
701 920 867 960 Pedium
887 918 1072 960 consules
1094 919 1251 959 suffecit
1273 924 1305 958 9:
1332 920 1453 959 statue
1477 919 1545 959 sex
1565 923 1604 960 ὃ(
1626 921 1745 972 quin-

358 985 547 1038 quaginta
575 998 698 1024 annos
718 988 766 1033 ¹0,
794 982 934 1036 quibus
958 997 1054 1022 mox
1082 982 1194 1022 divus
1222 983 1421 1037 Augustus
1449 981 1741 1037 rempublicam

357 1049 481 1086 rexit:
511 1045 639 1097 adjice
664 1045 817 1086 Tiberii
840 1059 917 1085 tres
944 1049 984 1085 ὃς
1007 1046 1150 1098 viginti
1168 1075 1180 1093 ,
1212 1049 1251 1085 ὅ(
1284 1060 1408 1101 prope
1439 1045 1742 1098 quadriennium

359 1109 449 1149 Caii
470 1115 498 1131 ¹¹
516 1139 528 1159 ,
557 1124 603 1149 ac
631 1108 689 1148 bis
715 1108 1053 1161 quaternosdenos
1075 1111 1105 1128 ¹2
1123 1106 1283 1147 Claudii
1309 1112 1349 1147 &
1381 1109 1557 1148 Neronis
1586 1123 1711 1149 annos
1728 1138 1741 1158 ,

358 1186 477 1225 atque
498 1172 626 1227 ipsum
652 1170 787 1211 Galbae
803 1201 815 1220 ,
843 1175 883 1211 &
910 1171 1087 1211 Othonis
1104 1200 1115 1220 ,
1145 1169 1353 1211 &Vitellii
1375 1185 1498 1209 unum
1521 1186 1667 1210 annum
1684 1177 1713 1199 ¹³
1731 1200 1744 1221 ,

359 1250 407 1276 ac
439 1235 592 1276 sextam
624 1232 704 1287 jam
733 1233 863 1276 felicis
895 1231 1011 1286 hujus
1044 1233 1289 1289 principatus
1324 1234 1532 1274 stationem
1558 1238 1593 1263 ¹4
1619 1263 1632 1286 ,
1669 1232 1746 1289 qua

401 1389 411 1403 ¹
435 1384 521 1413 Fene
544 1394 654 1415 EODEM
682 1394 780 1414 MENSE
801 1384 815 1420 ]
847 1383 1031 1414 Redundare
1071 1383 1141 1413 saris
1156 1382 1410 1418 interfeetorem,
1437 1383 1485 1413 cui
1497 1382 1619 1412 Tullius
1631 1382 1746 1413 librum

361 1422 557 1459 videturfi’re
571 1447 579 1460 ‚
603 1424 637 1454 &
661 1423 802 1453 additum
818 1433 835 1453 a
856 1422 953 1453 sciolo
975 1422 1033 1452 ali-

360 1472 426 1500 quo
453 1486 460 1498 ‚
497 1463 550 1500 qui
581 1473 646 1492 non
666 1463 841 1492 attenderet
864 1462 895 1491 111
918 1472 1031 1500 magno

360 1511 448 1531 anno
463 1525 472 1538 ‚
497 1501 518 1530 fi
549 1512 647 1541 12954
665 1512 716 1539 per
742 1512 775 1531 12
797 1501 955 1537 diviseris,
973 1501 1033 1530 sin-

360 1541 450 1579 gulos
484 1541 601 1571 menses
633 1541 689 1571 effe
716 1539 811 1570 ferme
834 1543 910 1570 1080
932 1550 1033 1571 anno-

360 1590 438 1609 rum.
459 1581 547 1610 Unde
563 1580 595 1609 in
611 1590 725 1619 magno
745 1590 829 1610 anno
842 1603 851 1615 ‚
875 1590 938 1610 non
950 1579 1011 1616 fere
1024 1603 1032 1615 ,

361 1619 413 1649 sed
436 1629 543 1649 revera
570 1620 682 1649 eodem
697 1619 799 1648 mense
812 1619 1033 1649 Demosthenes

359 1658 395 1688 ὃς
415 1660 494 1696 Aper
520 1658 659 1688 extitere.
685 1658 724 1688 Hi
741 1658 809 1688 sunt
827 1658 943 1688 menses
960 1681 968 1695 ‚
996 1659 1033 1688 de

361 1696 473 1736 quibus
485 1697 648 1737 Virgilius,
667 1698 773 1737 Eclog.
791 1699 831 1728 lV
844 1717 852 1731 ,
878 1708 921 1728 12.

541 1759 654 1791 Incipient
667 1760 746 1792 magni
760 1760 886 1792 procedere
906 1760 1001 1791 menses.

402 1818 413 1830 ²
438 1814 625 1851 Aciurmm]
653 1814 815 1844 Menenius
832 1815 964 1853 Agrippa
977 1817 1036 1845 La-

362 1861 451 1884 natus
473 1853 579 1884 consul
604 1854 662 1884 fuit
688 1864 773 1884 anno
786 1854 874 1884 Urbis
899 1854 1034 1884 conditae

361 1905 440 1925 cei-1.
456 1902 528 1923 ante
541 1893 693 1923 Christum
710 1904 777 1932 503.

405 1937 413 1957 ³
450 1933 494 1961 Er
520 1934 704 1970 CAESAREM]
727 1932 843 1964 Julium
864 1932 1032 1970 Caesarem,

363 1972 560 2002 dieratorem.

402 2015 416 2032 4
438 2012 591 2048 Comum]
615 2012 655 2042 M.
670 2011 805 2042 Coelium
825 2011 960 2043 Rufum,
983 2022 1034 2041 cu-

363 2049 409 2086 jus
423 2050 537 2080 exstant
550 2051 682 2088 epistolae
701 2051 781 2081 inter
792 2051 1032 2088 Ciceronianas,

364 2088 434 2118 libr.
454 2090 522 2118 Vlll
536 2113 543 2125 ‚
564 2091 603 2119 ad
618 2090 807 2121 Familiares.

405 2133 412 2154 5
439 2129 604 2163 CALVUM]
631 2131 666 2159 C.
683 2129 823 2159 Licinius
840 2129 943 2159 Macer
959 2128 1033 2158 Cal-

363 2176 420 2196 vus
443 2165 488 2194 diu
517 2177 575 2195 cum
603 2167 733 2197 Cicerone
754 2168 940 2207 iniquifflmczm
961 2168 1033 2197 litem

362 2205 397 2234 de
431 2205 587 2241 principazu
625 2207 781 2246 eloquentiae
812 2207 906 2236 hahuit
945 2231 954 2243 ,
1002 2216 1034 2237 ut

364 2244 488 2275 testatur
513 2248 627 2276 Seneca
644 2270 651 2281 ‚
674 2246 875 2277 Controvers.
900 2248 960 2279 ΙΙΙ,
987 2257 1033 2282 19.

363 2284 457 2313 Illum
481 2283 585 2314 laudat
610 2286 721 2316 Cicero
741 2310 750 2321 ,
776 2286 814 2316 de
839 2285 926 2316 claris
945 2288 1033 2315 Orat.

364 2332 431 2360 cap.
446 2325 493 2353 82.
510 2323 684 2352 satientatem
693 2324 773 2354 calz-i
791 2324 925 2355 celebrat
936 2324 1034 2362 Quin-

364 2361 491 2393 tilianus
505 2386 513 2399 ‚
529 2361 616 2402 Instit.
631 2363 711 2393 Orat.
723 2366 779 2393 XII
794 2388 801 2399 ‚
828 2375 872 2392 10.

402 2402 417 2421 ⁶
438 2402 599 2441 Bnurum]
623 2403 799 2435 mmmmm
808 2404 953 2443 Brutum,
970 2404 1035 2434 Cae-

1071 1423 1109 1452 de
1129 1423 1328 1459 Oratoribus,
1343 1424 1377 1453 ὅζ
1392 1425 1557 1452 Oratorem
1571 1421 1730 1458 inscripsit.

1110 1467 1123 1486 7
1147 1463 1283 1491 Asmium
1307 1472 1344 1491 ET
1367 1463 1564 1498 MESSALAM]
1591 1461 1760 1497 Jamlau-v

1072 1501 1160 1530 datos
1173 1500 1257 1539 supra
1270 1511 1335 1538 cap.
1357 1512 1402 1530 12.

1111 1540 1122 1558 ⁸
1146 1541 1265 1569 Hnmo
1271 1562 1321 1569 .....
1343 1552 1378 1570 ET
1403 1541 1501 1569 PANSA
1525 1550 1707 1570 consumans
1729 1540 1767 1578 ]

1072 1581 1164 1608 Α11110
1177 1578 1264 1609 Urbis
1278 1579 1412 1609 conditae
1427 1589 1519 1609 Dccxr
1531 1603 1538 1613 ‚
1551 1589 1613 1618 quo
1627 1579 1744 1610 occisus

1072 1619 1112 1648 est
1129 1618 1240 1648 Cicero
1257 1618 1306 1648 die
1331 1618 1459 1656 septima
1480 1618 1670 1648 Decembris.
1696 1619 1746 1648 De

1073 1658 1135 1694 ejus
1162 1657 1244 1688 caede
1267 1657 1338 1687 vide
1362 1657 1517 1689 Velleium
1534 1658 1745 1693 Paterculum‚

1074 1698 1098 1726 ΙΙ
1114 1720 1122 1732 ,
1145 1701 1194 1727 66.

1111 1741 1123 1759 ⁹
1144 1738 1324 1774 Surrrcrr]
1362 1735 1532 1766 Interfeffis
1565 1734 1745 1765 consulibus

1073 1775 1164 1805 Pansa
1189 1777 1221 1806 ὃ(
1237 1776 1340 1806 Hirtio
1353 1799 1362 1812 ‚
1386 1775 1497 1805 suffecri
1518 1774 1585 1804 sunt
1604 1774 1746 1804 consules

1074 1814 1171 1844 Caesar
1182 1815 1326 1845 ocravius
1336 1839 1344 1852 ‚
1361 1814 1455 1845 dicius
1469 1813 1571 1853 postea
1587 1813 1746 1852 AugustuS,

1074 1854 1107 1884 8<
1122 1856 1162 1890 Q.
1180 1854 1299 1884 Pedius.

1115 1898 1141 1913 ¹0
1163 1894 1223 1923 Sex
1238 1905 1273 1924 Er
1291 1903 1526 1928 Qqumcmi-rx
1548 1901 1644 1921 Annos
1657 1895 1667 1925 ]
1681 1891 1745 1921 To-

1074 1931 1170 1962 tidem
1188 1940 1388 1962 numerantur
1403 1933 1440 1961 ab
1457 1931 1516 1961 hoc
1533 1930 1655 1969 Augusti
1671 1940 1746 1960 con-

1073 1971 1169 2001 sulatu
1190 1973 1227 2001 ad
1247 1974 1310 2010 ejus
1332 1980 1466 2000 mortem
1481 1993 1490 2006 ‚
1518 1980 1585 2009 quae
1609 1969 1745 2010 contigit

1073 2020 1156 2040 anno
1177 2012 1212 2040 U.
1225 2012 1262 2041 C.
1283 2021 1448 2041 Dcctxvu.

1113 2055 1136 2069 ¹¹
1162 2051 1263 2088 CAH]
1287 2049 1355 2080 Caii
1372 2049 1529 2087 Caligulae.

1115 2094 1142 2108 ¹²
1163 2091 1214 2118 Bis
1233 2099 1517 2124 QUATERNOSDENOS
1542 2088 1660 2123 Annos]
1673 2087 1746 2116 Fet·

1073 2139 1122 2158 me
1131 2128 1369 2168 quatuordecim
1379 2126 1648 2165 annosimperavit
1657 2126 1746 2156 Clau-

1073 2168 1139 2198 dius
1156 2179 1162 2197 :
1177 2168 1312 2199 totidem
1328 2169 1427 2197 Nero.

1113 2213 1139 2233 ¹3
1164 2209 1256 2237 Unum
1288 2206 1420 2241 Annum]
1443 2206 1477 2233 In
1502 2204 1682 2234 Mss.vatic.
1711 2203 1745 2234 δί

1073 2246 1266 2276 editionibus
1285 2244 1442 2276 veteribus
1458 2267 1467 2281 ,
1489 2242 1596 2282 longum
1617 2242 1646 2272 Cr
1663 2253 1745 2271 unum

1072 2295 1184 2313 almum.

1112 2328 1140 2346 ¹4
1162 2325 1368 2355 ancrrmus
1387 2324 1587 2359 starum-EM]
1617 2324 1745 2352 Sextum

1071 2361 1245 2400 Vespafiani
1279 2373 1395 2392 annum
1417 2387 1425 2399 ,
1459 2362 1512 2401 qni
1542 2361 1635 2399 coepit
1660 2360 1744 2390 Juiio

1071 2401 1175 2433 mense
1191 2425 1201 2441 ‚
1222 2412 1306 2434 anno
1318 2404 1353 2434 U.
1370 2404 1405 2433 C.
1421 2411 1612 2433 occcxxvu.

1487 2444 1748 2500 Vespasianus

1778 796 1831 824 101
