1952 2708
398 169 488 202 '200
570 156 795 198 NOTAE
842 154 930 206 ET
972 151 1689 209 EMENDATIONES,&'<:.

397 236 518 271 Oceani
529 233 668 281 monstra
684 233 842 283 explicat
857 243 958 270 vetus
976 232 1190 269 scholiastes
1204 233 1396 277 Juvenalis,
1414 234 1556 270 Tritones
1571 236 1607 270 θ’
1620 235 1779 272 Nereides.

443 283 662 319 AEsTxoRUM
688 295 836 320 GENTEs
858 288 876 330 ]
907 283 961 319 lta
991 296 1115 320 omnes
1133 283 1209 320 Mff.
1236 283 1353 320 Vatic.
1371 284 1421 328 ¹In
1443 284 1622 321 veteribus
1644 285 1782 321 editio-

391 332 519 377 nibus,
543 334 724 382 Efluorum.
748 334 791 369 In
814 333 1073 370 recentioribus
1088 363 1097 374 ‚
1123 332 1319 380 AEstyorum.

444 383 636 426 OMN1QUE
664 395 823 420 TUTELA
850 387 867 428 ]
898 383 994 418 Bene
1014 380 1178 417 Ernestus
1205 385 1238 417 ὅς
1264 383 1498 418 Recentiores
1525 396 1545 419 e
1569 384 1634 418 Ms.
1651 385 1778 421 Turic.

389 434 452 470 Sic
481 445 628 482 quoque
661 432 811 471 volebat
838 431 985 482 Lipsius.
1016 431 1060 467 In
1092 430 1270 468 veteribus
1301 431 1547 476 editionibus,
1580 437 1779 482 omniumque

392 484 508 520 tuteld.

439 533 617 568 INFORME
647 545 875 569 PERPERTUR
900 535 918 577 ]
950 531 1014 567 Ms.
1034 530 1153 566 Vatic.
1174 533 1298 579 2964,
1314 532 1502 579 profertur;
1522 542 1562 568 ut
1578 535 1611 568 &
1629 531 1778 569 volebat

392 582 608 620 Grossotius.
625 583 674 618 At
693 583 820 619 melius
842 581 950 617 ceteri
976 580 1051 617 Mss.
1074 581 1193 617 Vatic.
1216 584 1384 628 perfertur.

446 632 663 668 IMPLicATA
689 645 855 669 HUMORE
878 635 896 677 ]
925 631 981 665 Ita
1003 643 1127 667 omnes
1150 631 1226 667 Mss.
1250 631 1367 668 Vatic.
1383 634 1416 666 ὃς
1433 631 1611 668 editiones
1627 640 1777 667 veteres-

391 684 580 730 Perperam
597 682 635 717 in
655 681 915 719 recentioribus
933 680 1161 717 emendatum
1174 710 1185 726 ‚
1214 682 1383 730 implicita.
1401 681 1535 719 Plinius
1561 680 1694 730 aliique
1716 680 1778 716 sae-

389 745 438 782 pe
462 732 676 780 usurpavere
691 759 701 774 ,
727 733 938 777 implicatum.

441 782 591 818 SUEVIAE
621 793 714 817 finis
737 785 754 826 ]
786 782 882 817 Bene
904 780 1121 817 Puteolanus
1145 784 1178 817 &
1206 780 1449 820 Recentiores.
1481 781 1526 817 Iri
1553 779 1620 816 Ms.
1649 779 1775 817 Turic.

394 833 490 869 Cod.
513 831 630 880 Kapp.
658 834 692 866 δε
715 830 878 868 editione
898 831 1075 880 Spirensi,
1091 831 1189 879 fines.

439 933 544 967 CAP.
573 930 699 967 XLVI.
731 931 984 968 VENEDORUM
1006 936 1023 978 ]
1056 932 1154 969 Male
1178 931 1255 967 ΜΠ.
1281 935 1314 968 ὃς
1332 941 1470 969 veteres
1493 929 1692 969 editiones,
1716 928 1779 964 Ve-

390 994 534 1017 netorum
566 992 625 1016 aut
652 982 873 1018 Venetliorum.
903 983 1041 1018 Venedos
1068 994 1242 1019 memorat
1276 982 1434 1026 Plinius,
1463 981 1536 1024 IV,
1570 993 1626 1025 13.
1651 978 1779 1014 Ptole-

389 1044 482 1067 maeo
495 1059 503 1073 ,
523 1030 573 1065 III
586 1059 596 1074 ‚
614 1043 633 1076 5
650 1059 660 1074 ‚
687 1035 829 1077 o’uevzlsas
852 1032 934 1067 diffl
957 1032 1047 1068 sunt.
1065 1032 1264 1069 Jornandes
1286 1045 1431 1081 quoque
1447 1058 1456 1073 ,
1485 1030 1528 1066 de
1553 1029 1655 1066 rebus
1674 1028 1779 1065 Geti-

389 1081 465 1122 cis,
494 1093 572 1129 cap.
600 1093 658 1127 17.
685 1082 891 1117 Wini'darum
916 1085 1002 1116 natio
1029 1084 1187 1129 populofiz.

442 1130 585 1166 Domos
615 1134 824 1176 r-INGUNT]
855 1132 911 1166 Ita
939 1142 1075 1168 veteres
1105 1135 1137 1167 ὃς
1160 1131 1376 1168 recentiores
1402 1130 1590 1167 editiones,
1614 1126 1749 1175 Lipsius
1766 1152 1779 1170 ,

380 1180 506 1228 figam.
527 1180 576 1215 At
596 1179 721 1215 melius
737 1181 884 1227 fingunt.
903 1181 1047 1217 Domos
1065 1181 1160 1217 enim
1173 1208 1181 1222 ‚
1207 1181 1264 1216 seu
1290 1180 1432 1230 tuguria
1448 1208 1457 1223 ,
1484 1180 1562 1215 luto
1582 1176 1778 1225 fingebant.

389 1229 449 1265 Sic
469 1229 566 1278 apud
590 1229 745 1265 Plinium
767 1230 816 1266 XI
833 1258 842 1273 ,
873 1242 919 1266 22
938 1258 946 1272 ,
974 1230 1169 1280 bombyces
1187 1231 1225 1265 in
1249 1230 1386 1279 Assyria}
1408 1231 1495 1264 nidos
1522 1231 1588 1263 luto
1602 1228 1751 1275 fingunt.

444 1279 587 1315 PEDUM
616 1283 721 1324 Usu]
753 1280 794 1316 In
817 1279 893 1315 ΜΠ.
915 1279 1031 1315 Varie.
1061 1283 1187 1328 2964,
1213 1284 1315 1328 4498
1346 1284 1378 1316 ὃ(
1398 1278 1576 1315 veteribus
1605 1275 1780 1312 editioni-

388 1328 477 1371 bus,
499 1330 655 1374 peditum.
681 1329 746 1363 Ms.
771 1329 889 1365 Vatic.
919 1331 1017 1365 1862
1034 1357 1043 1373 ,
1068 1331 1234 1376 pecudum.
1256 1330 1362 1365 Reffle
1379 1329 1514 1376 Lipsius
1532 1331 1564 1363 &
1584 1326 1779 1362 Recentio-
1835 1336 1842 1342 ·

390 1391 468 1422 res,
488 1379 633 1424 pedum:
660 1378 761 1428 quod
790 1391 936 1428 quoque
956 1379 1089 1427 probat
1111 1379 1168 1417 Cl.
1196 1379 1380 1421 Ernestus,
1410 1378 1495 1414 licet
1523 1376 1695 1419 ediderit,
1719 1389 1780 1422 pe-

390 1429 506 1464 ditum.

441 1477 517 1512 SED
547 1488 705 1513 BEATIUS
735 1488 1015 1516 ARBtTRANTuR
1036 1483 1054 1526 ]
1083 1481 1140 1516 Ita
1161 1492 1284 1517 omnes
1306 1478 1381 1514 Mff.
1399 1478 1514 1514 Vatie.
1531 1480 1564 1513 &
1584 1487 1719 1512 veteres
1736 1487 1779 1511 ae

390 1526 609 1563 recentiores
639 1526 828 1563 editiones.
862 1528 999 1564 Frustra
1025 1530 1230 1566 emendavit
1252 1529 1463 1570 Bhenanus,
1494 1528 1527 1562 id
1547 1527 1666 1562 beatius
1692 1525 1779 1560 arhi-

389 1587 533 1613 tranticr„
556 1575 688 1612 Omitti
710 1589 787 1613 non
809 1577 934 1613 debuit
949 1580 1018 1625 sed.
1047 1579 1208 1629 Intelligi
1231 1590 1349 1614 autem
1371 1576 1486 1626 potest
1506 1577 1549 1612 id.

441 1627 546 1661 Opus
576 1637 685 1661 ESSET
706 1630 723 1672 ]
754 1626 814 1663 Sic
833 1639 957 1664 omnes
975 1628 1048 1666 ΜΠ.
1067 1629 1182 1665 Vatie.
1201 1639 1337 1666 veteres
1354 1627 1533 1664 editiones
1552 1628 1586 1661 ὃς
1603 1622 1778 1660 Ernestus.

389 1675 489 1712 Male
509 1675 715 1712 emendavit
737 1676 930 1712 Rhenanus
945 1705 954 1720 ‚
981 1692 1055 1724 opus
1071 1679 1130 1726 fit.

390 1775 420 1810 Ε
447 1724 623 1782 Qx10NAs
642 1729 658 1770 ]
687 1725 762 1762 Mss.
789 1726 905 1762 Vatic.
925 1731 1031 1774 2964
1053 1731 1087 1764 ὃς
1105 1730 1208 1776 4498
1224 1755 1233 1771 ,
1259 1729 1404 1763 Etionas.
1423 1725 1490 1762 Ms.
1508 1724 1625 1762 Vatic.
1650 1724 1747 1771 1518
1763 1748 1777 1766 ,

423 1787 547 1809 xlonas.

445 1823 638 1859 Coapom
668 1835 798 1866 ATQUE
826 1836 950 1862 ΛΚΤ-σε
970 1829 987 1872 ]
1019 1827 1094 1865 Mff.
1126 1827 1241 1863 Vatic.
1263 1828 1385 1876 1518,
1411 1825 1538 1874 2964,
1565 1823 1690 1870 4498,
1709 1833 1776 1859 VC-

391 1873 553 1923 teresque
574 1872 779 1919 editioneS,
807 1875 843 1911 ΕΤ
866 1889 996 1922 corpora
1019 1889 1111 1925 atque
1137 1889 1239 1913 artus.

1561 2435 1772 2478 NOTAE
