1952 2708
365 153 458 201 446
804 142 1316 186 APPENDIX

366 223 489 261 laudes
514 221 654 258 eveaus
676 232 685 257 ε
712 219 939 270 sequentibus
962 222 1129 273 exemplo
1155 222 1223 259 fuit
1247 225 1281 260 ὃ(
1307 221 1544 261 incitamento
1562 223 1587 258 ¹.
1616 221 1755 259 Primus

368 272 549 310 Caesarum
563 270 676 308 vitam
690 269 768 307 fato
785 270 952 320 implevit
970 273 996 310 ³.

416 321 534 370 Quod
550 333 697 372 quoque
723 320 762 356 in
780 321 933 369 imperio
949 334 1107 365 novum,
1125 322 1217 358 filius
1232 322 1325 370 patri
1342 322 1510 359 successit.
1532 321 1636 357 Titus
1657 322 1754 361 enim

364 373 570 423 Imperator
592 370 836 408 consalutatus
851 370 924 414 est3
942 371 1222 420 promissumque
1246 371 1353 407 militi
1379 372 1594 408 donativum
1617 386 1626 408 ε
1650 372 1756 410 fratre

364 424 433 459 iras
447 436 523 459 non
545 420 753 457 occultante
767 448 777 465 ‚
794 424 828 457 &
841 420 903 457 diu
914 424 1080 459 cunstato
1097 435 1141 457 an
1156 421 1306 470 duplum
1323 421 1539 457 donativum
1556 421 1709 466 donaret
1726 423 1752 459 ³.

365 473 458 510 Inde
486 470 626 508 affiduae
642 472 716 519 ejus
747 471 901 520 querelae
922 472 1082 509 relistum
1099 472 1134 508 se
1154 471 1368 520 participem
1388 470 1554 520 imperii,
1582 470 1643 507 sed
1658 471 1756 508 frau-

367 524 449 560 dem
479 520 690 559 testamento
724 521 923 557 adhibitam
943 523 970 558 4.
1004 523 1098 568 Quae
1131 521 1236 564 odia,
1256 521 1340 558 dum
1359 521 1496 558 viveret
1513 530 1613 570 pater
1627 547 1636 563 ,
1662 521 1756 558 clam

366 572 522 610 exercita
537 600 547 616 ‚
581 583 657 608 tum
683 571 866 608 manifesta
889 599 900 615 ,
928 584 1072 609 crevere
1094 572 1232 620 semper
1254 603 1261 615 ‚
1299 572 1419 609 donec
1439 572 1594 620 imperio
1619 570 1758 619 potitus

366 623 427 661 est.
443 622 660 672 Vespasiano
678 632 795 659 autem
810 621 915 657 funus
928 635 997 672 pro
1010 635 1111 660 more
1127 622 1271 659 dueum
1282 634 1294 667 3
1307 622 1391 660 exin
1409 620 1560 659 caelestes
1573 621 1733 658 honores
1742 621 1760 659 ,ς’

370 673 519 711 decreti.

421 723 551 766 Titus,
582 722 754 758 summam
783 733 900 758 rerum
926 721 1077 771 adeptus
1095 751 1105 767 ,
1133 722 1226 758 nihil
1251 722 1397 759 retinuit
1414 721 1568 772 pristinae
1583 721 1760 758 luxuriae:

367 773 429 810 sed
450 774 586 809 amicos
614 772 724 821 elegit
751 772 913 820 optimos
939 773 979 808 ⁶:
1001 773 1175 810 Berenice
1196 773 1233 808 in
1257 772 1417 809 Iudaeam
1442 771 1581 821 regredi
1609 770 1693 819 jussa
1717 771 1730 792 ⁷
1749 783 1761 807 ε

369 823 496 860 dimiffi
533 823 771 859 delicatorum
798 822 990 871 gratissimi.
1029 823 1074 859 Et
1094 823 1265 871 Princeps
1292 833 1389 859 totus
1416 822 1533 872 patuit
1556 821 1763 857 virtutibus.

369 873 552 910 Beneficia
575 885 595 908 a
617 871 862 920 superioribus
879 873 1043 910 concessa
1054 873 1281 922 Principibus
1298 901 1307 916 ‚
1336 885 1415 922 quae
1439 886 1482 909 ex
1508 871 1671 907 instituto
1697 870 1763 906 Ti-

368 923 461 960 berii
486 935 610 959 omnes
631 922 787 958 Caesares
801 922 902 959 aliter
915 935 991 960 rata
1007 936 1084 959 non
1102 923 1303 960 habuerant
1316 951 1325 966 ,
1341 923 1447 972 quam
1464 922 1486 957 fi
1498 921 1624 958 eadem
1635 920 1763 958 iisdem

370 972 482 1022 &ipsi
498 971 698 1009 tribuissent
717 999 727 1016 ‚
758 972 892 1020 primus
914 973 1094 1022 praeterita
1111 974 1234 1010 omnia
1265 986 1342 1009 uno
1367 971 1599 1010 confirmavit
1619 971 1738 1008 editto
1753 1000 1763 1014 ,

369 1035 439 1059 nec
455 1035 475 1058 a
493 1023 526 1059 se
540 1022 615 1071 peti
629 1021 742 1071 passus
759 1023 782 1056 ⁸.
802 1023 867 1057 Par
892 1025 966 1070 ejus
987 1024 1023 1059 in
1049 1035 1186 1060 ceteros
1210 1024 1361 1060 comitas
1377 1053 1385 1065 ‚
1406 1021 1671 1070 liberalitasque
1689 1048 1699 1064 ‚
1729 1023 1764 1057 &

370 1072 550 1109 obstinata
575 1084 659 1108 cura
673 1100 682 1115 ,
700 1085 746 1108 ne
771 1084 877 1119 quem
896 1085 1065 1121 umquam
1087 1073 1158 1110 fine
1172 1074 1232 1121 spe
1248 1072 1454 1109 dimitteret.
1468 1070 1765 1108 Admonentibus

373 1121 578 1159 domesticis
597 1150 606 1165 ,
635 1121 731 1171 quali
756 1121 859 1170 plura
887 1123 1122 1171 polliceretur
1141 1150 1152 1166 ,
1179 1123 1286 1173 quam
1302 1121 1464 1170 praestare
1482 1122 1615 1170 posset:
1637 1140 1656 1153 <e
1675 1120 1765 1156 Non

370 1190 393 1205 ο»
422 1182 593 1219 oportere
606 1188 624 1202 υ
643 1197 652 1214 ,
683 1171 871 1220 respondit
888 1200 897 1216 ,
931 1190 952 1205 te
977 1186 1192 1223 quemquam
1209 1185 1229 1208 a
1245 1172 1407 1209 sermone
1432 1170 1610 1220 Principis
1633 1169 1767 1207 tristem

371 1239 392 1254 ω
426 1222 609 1258 discedere
622 1239 657 1257 ο».
678 1221 725 1257 Et
741 1222 927 1271 quondam
944 1223 1152 1260 recordatus
1166 1223 1268 1272 super
1283 1234 1430 1266 cenam,
1455 1220 1555 1271 quod
1576 1219 1668 1256 nihil
1688 1219 1767 1256 cui-

372 1284 480 1322 quam
512 1282 595 1308 toto
631 1271 690 1308 die
715 1271 925 1320 praestitiffet
944 1301 953 1317 ,
988 1273 1261 1311 memorabilem
1278 1285 1411 1309 vocem
1426 1271 1561 1308 edidit:
1579 1288 1600 1303 ze
1615 1269 1739 1306 Amici
1755 1296 1769 1314 ,

373 1340 395 1354 a>
429 1321 524 1358 diem
541 1321 682 1371 perdidi
694 1340 727 1357 π.
744 1321 800 1358 Ne
820 1322 907 1371 quid
930 1323 1039 1360 etiam
1063 1334 1221 1372 paternae
1238 1322 1327 1359 labis
1340 1323 1489 1359 haereret
1501 1353 1508 1365 ‚
1528 1322 1612 1357 cum
1627 1319 1768 1369 Vespa-

374 1372 487 1408 fianus
517 1375 550 1408 δε
578 1371 742 1419 pecuniae
766 1371 860 1407 visus
882 1372 998 1410 fuisset
1028 1374 1199 1422 cupidior
1215 1401 1224 1416 ‚
1245 1376 1278 1409 δε
1310 1372 1480 1421 deceptus
1510 1371 1547 1406 in
1569 1370 1768 1406 insontium

374 1434 478 1458 neces
503 1421 728 1458 consenfiffet
742 1448 751 1465 ,
772 1421 846 1470 ipse
860 1435 905 1459 ne
923 1424 1102 1460 concessas
1118 1423 1264 1473 quidem
1279 1434 1321 1458 ac
1333 1422 1454 1458 solitas
1469 1420 1686 1458 collationes
1708 1432 1768 1456 re-

376 1471 474 1521 cepit
485 1473 497 1491 ⁹
508 1485 518 1515 3
529 1471 784 1520 pontificatum
792 1485 940 1522 quoque
950 1473 1145 1509 maximum
1156 1473 1238 1510 ideo
1256 1490 1274 1504 cc
1287 1473 1322 1509 se
1337 1490 1357 1504 υ
1375 1471 1544 1520 professus
1557 1488 1576 1503 α
1587 1470 1770 1519 recipere,

376 1540 398 1554 a>
430 1533 471 1558 ut
495 1534 600 1570 puras
629 1522 783 1559 servaret
807 1535 930 1559 manus
946 1541 965 1555 υ
995 1538 1004 1560 ε
1040 1537 1109 1560 nec
1134 1526 1257 1560 auetor
1283 1521 1434 1572 posthac
1468 1521 1675 1571 cujusquam
1705 1532 1771 1556 ne-

378 1571 429 1608 cis
445 1600 454 1615 ,
480 1585 547 1608 nec
563 1572 749 1616 conscius,
776 1573 938 1622 quamvis
963 1573 1145 1612 interdurn
1169 1573 1370 1610 ulciscendi
1387 1571 1492 1608 causa
1509 1584 1587 1607 non
1612 1570 1741 1607 deesset
1757 1595 1770 1613 ,

378 1621 440 1658 sed
460 1639 479 1653 <t
499 1622 694 1669 periturum
717 1622 753 1659 se
767 1622 914 1671 potius,
939 1625 1046 1674 quarn
1063 1624 1287 1674 perditurum
1307 1641 1327 1655 υ
1348 1621 1526 1671 adjuravit
1543 1622 1587 1657 ¹⁰.
1614 1620 1674 1656 De
1693 1631 1771 1656 ma-

378 1670 508 1719 jestatis
522 1671 671 1708 crimine
688 1684 884 1720 numquam
907 1675 982 1723 egit
994 1701 1004 1718 ,
1028 1688 1146 1723 neque
1161 1674 1218 1723 agi
1234 1673 1388 1723 permisit
1404 1703 1412 1716 ‚
1431 1672 1594 1708 diffitans
1616 1688 1636 1702 <e
1651 1681 1771 1719 neque

380 1739 401 1753 ω
436 1721 603 1768 injuriam
626 1734 744 1771 neque
773 1724 1032 1760 contumeliam
1065 1724 1128 1760 sibi
1158 1724 1234 1760 fieri
1268 1724 1390 1772 posse,
1430 1721 1528 1772 quod
1544 1719 1636 1757 nihil
1652 1732 1772 1768 repre-

379 1789 401 1802 ω
437 1771 609 1808 hensione
634 1771 784 1822 dignum
809 1783 965 1821 patraret
986 1789 994 1810 :
1022 1774 1132 1817 falsa,
1165 1774 1188 1809 fi
1209 1787 1279 1823 qua
1301 1772 1567 1822 spargerentur,
1594 1770 1658 1805 fibi
1678 1780 1773 1805 curae

380 1839 402 1853 a»
434 1834 511 1857 non
526 1821 592 1858 effe
611 1821 637 1837 ¹¹
655 1840 689 1858 υ.
714 1821 812 1857 Tum
827 1835 952 1860 omnes
972 1824 1100 1860 Titum
1118 1823 1237 1860 mirari
1254 1851 1262 1866 ‚
1282 1823 1486 1864 celebrare3
1503 1822 1544 1857 iis
1558 1820 1645 1857 vero
1669 1846 1678 1862 ‚
1710 1817 1774 1868 qui

380 1884 484 1917 eum:
504 1870 670 1908 ss0ssdum
688 1871 891 1922 Principem
906 1901 916 1918 ,
943 1874 1158 1919 timuissent,
1186 1873 1317 1924 pudor.
1350 1874 1448 1909 Dum
1473 1871 1511 1907 in
1529 1871 1598 1908 hac
1621 1868 1774 1906 admira-

420 1997 427 2008 ¹
449 1989 669 2018 Ixcrrmtturo
691 1993 701 2022 ]
728 1990 802 2018 Cum
828 1991 974 2019 immensus
995 1993 1059 2020 ante
1136 2003 1144 2019 ε
1165 1992 1339 2023 DONARET]
1365 1990 1478 2018 Sueten.
1494 1990 1522 2017 in
1534 1989 1644 2017 Domit.
1658 1987 1698 2015 Π.

383 2023 470 2052 suilset
484 2024 636 2053 mensarum
647 2027 735 2056 luxus,
746 2025 927 2060 Vespasianus
936 2027 1058 2056 adstriCti
1135 2036 1146 2051 4
1167 2026 1380 2057 Anfflmrmi
1401 2026 1513 2053 sueton.
1526 2024 1595 2052 ibid.
1752 2056 1759 2063 .

385 2060 469 2087 moris
488 2080 494 2089 ,
518 2070 571 2093 quo
592 2061 686 2094 postea
702 2060 862 2089 vietitamm
882 2083 888 2092 ,
910 2064 1059 2096 praecipuus
1137 2072 1145 2088 s
1167 2061 1329 2089 Caesa-rs
1352 2063 1516 2091 notiones]
1537 2059 1606 2086 Inde
1618 2059 1776 2087 innummxs

384 2096 479 2123 auctor
496 2094 555 2123 fuit.
571 2096 646 2124 Vide
660 2096 736 2128 supra
751 2096 855 2125 Annal.
868 2098 928 2127 111,
946 2107 988 2131 55.
1100 2095 1288 2130 veteribusque
1309 2097 1496 2124 monumentis
1509 2094 1635 2129 frequens
1647 2091 1774 2122 DIVVS

421 2138 430 2150 ²
452 2130 627 2163 xwptzvm]
650 2131 796 2162 Tiberius,
811 2132 898 2160 Caius
909 2132 1039 2167 Caligula
1051 2154 1060 2165 ,
1100 2131 1385 2160 VESPASXANVS.
1744 2163 1750 2170 .

386 2163 523 2193 Claudius
536 2167 647 2196 ,Nero‚
662 2165 772 2198 Galba,
790 2166 868 2194 Otho
881 2188 888 2198 ,
910 2167 1059 2198 Vitellius,
1135 2170 1147 2186 ⁶
1166 2167 1285 2196 Ειεοιτ
1309 2174 1449 2195 OPTIMOS
1469 2169 1480 2198 ]
1509 2165 1622 2193 Sueron.
1654 2165 1683 2192 in
1714 2163 1778 2195 Tit.

385 2200 508 2240 yiolenta
538 2210 624 2229 morte
647 2203 793 2235 perierant.
809 2202 937 2236 Suspecta
954 2213 1060 2237 quoque
1100 2202 1173 2231 VII.

386 2245 416 2262 m
428 2234 544 2270 Augusti
570 2236 622 2264 fine
636 2238 732 2267 Livia,
755 2245 784 2264 ut
809 2237 916 2266 dietum
934 2237 973 2266 est
984 2237 1061 2272 supra
1139 2247 1149 2263 ⁷
1168 2238 1287 2271 Jussn]
1310 2237 1406 2266 Aurel.
1445 2236 1555 2266 vietor,
1581 2235 1611 2262 in
1635 2233 1777 2268 Epitome.

388 2270 537 2303 Annal.1,
552 2280 575 2303 5.
597 2273 714 2299 Minime
728 2279 821 2300 autem
836 2273 990 2301 audiendus
1004 2274 1061 2301 Ha·
1102 2273 1216 2301 Sueton.
1232 2274 1285 2301 loc.
1303 2273 1350 2301 cit.
1610 2304 1615 2310 ,

387 2304 498 2332 drianus
516 2307 614 2339 aliique
627 2327 634 2335 ,
660 2309 704 2340 qui
718 2305 916 2341 Vespasianum
933 2318 1041 2336 veneno
1054 2329 1060 2338 ,
1137 2314 1146 2330 8
1168 2308 1242 2336 Ρετῐ
1265 2310 1395 2339 missos]
1412 2307 1526 2334 sueton.
1542 2306 1569 2332 in
1580 2303 1641 2331 Tit.
1653 2303 1741 2335 VIII.

388 2340 463 2373 quod
482 2341 563 2368 Titus
588 2342 611 2368 ei
634 2343 663 2368 in
685 2341 815 2370 convivio
838 2343 969 2375 dederat,
985 2343 1061 2370 fuiss'e
1136 2351 1146 2367 ⁹
1168 2343 1321 2374 RECEHT]
1349 2342 1461 2369 Sueton.
1482 2339 1659 2368 inTit.VII.

388 2384 518 2403 necatum
543 2376 645 2405 dixere.
668 2376 743 2404 Vide
770 2378 913 2410 Dionem,
943 2378 1060 2408 LXVI,
1120 2385 1144 2397 ὀ
1165 2378 1383 2407 Aommvw]
1398 2377 1508 2403 Sueton.
1523 2374 1689 2402 inTir·1X-

388 2419 527 2446 P·1g·753·
1121 2419 1143 2432 ⁵¹
1164 2414 1234 2442 Nou
1247 2414 1335 2443 ESSE]
1355 2411 1433 2446 Dio,
1446 2410 1562 2440 LXVI,
1582 2418 1644 2445 pag.
1660 2417 1722 2443 754.
