1952 2708
374 172 456 209 104-
633 147 684 192 C.
749 145 1143 191 CORNELII
1207 140 1474 187 TACITI

423 231 708 278 XXXVIII.
741 230 809 270 ET
835 243 916 270 nox
947 228 1108 283 quidem
1133 227 1281 282 gaudio
1309 224 1515 284 praedaque
1545 222 1633 267 laeta
1660 220 1747 268 vic·

357 299 532 342 toribus:
562 295 743 336 Britanni
775 292 980 350 palantes,
1010 293 1216 344 mixtoque
1244 292 1422 331 virorum
1453 289 1747 343 mulierumque

358 362 545 420 ploratu,
567 361 723 400 trahere
759 356 1017 404 vulneratos,
1054 369 1201 395 vocare
1228 355 1432 407 integros,
1459 352 1636 394 deserere
1673 354 1747 393 do-

358 441 475 475 mos,
503 439 549 465 ac
579 436 649 478 per
676 423 775 462 iram
798 418 905 460 ultro
933 417 1173 458 incendere:
1203 415 1352 470 eligere
1376 415 1572 465 latebras,
1603 419 1644 456 ὅ(
1671 417 1747 457 sta-

359 490 433 531 tim
462 486 708 540 relinquere:
736 483 903 523 miscere
928 482 1103 521 invicem
1135 478 1299 520 consilia
1331 477 1490 532 aliqua,
1517 478 1610 518 dein
1632 478 1746 534 sepa-

356 566 466 593 rare:
487 548 700 603 aliquando
720 547 849 600 frangi
870 544 1026 599 aspectu
1048 545 1262 599 pignorum
1284 542 1444 582 suorum
1457 571 1470 591 ,
1490 541 1627 596 saepius
1646 557 1746 585 con-

361 615 475 657 citari
504 618 514 635 ¹
534 629 542 653 ε
570 612 739 665 satisque
763 606 965 650 constabat
992 606 1136 647 saeviffe
1163 605 1354 659 quosdam
1378 608 1392 625 ²
1418 606 1459 645 in
1482 600 1676 659 conjuges
1697 623 1744 649 ac

360 677 509 719 liberos
525 705 538 726 ‚
564 687 766 728 tamquam
787 670 1078 711 misererentur.
1104 670 1314 710 Proximus
1344 669 1427 710 dies
1449 668 1593 708 faciem
1617 672 1746 712 vieto-

357 743 424 782 riae
456 739 572 780 latius
602 737 774 793 aperuit:
804 735 955 775 vastum
978 733 1125 787 ubique
1158 731 1384 781 silentium,
1413 732 1555 772 secreti
1582 732 1708 775 colles
1731 763 1745 785 ,

359 803 554 845 fumantia
583 798 726 857 procul
753 800 878 848 tecta,
908 812 1029 838 nemo
1058 793 1379 852 exploratoribus
1409 794 1573 836 obvius:
1603 796 1743 851 quibus

359 869 403 908 in
427 879 587 908 omnem
614 877 767 919 partem
794 861 978 912 dimissis,
1006 858 1075 900 ubi
1095 861 1249 900 incerta
1270 858 1372 914 fugae
1393 859 1584 913 vestigia,
1615 875 1746 914 neque

358 930 524 983 usquam
550 925 786 981 conglobari
816 925 944 966 hostes
974 936 1252 979 compertum,
1281 926 1321 963 &c
1347 920 1480 964 exacta
1516 921 1595 974 jam
1621 925 1747 965 aestate

360 994 492 1049 spargi
514 990 664 1031 bellum
685 988 873 1042 nequibat
890 1017 901 1037 ‚
928 988 969 1027 in
990 987 1088 1028 fines
1106 987 1371 1027 Horestorum
1397 991 1407 1014 ³
1434 987 1655 1027 exercitum
1679 987 1748 1027 de-

361 1057 488 1096 ducit.
521 1054 582 1094 Ibi
614 1053 789 1108 acceptis
819 1049 1016 1092 obsidibus
1037 1079 1049 1099 ‚
1085 1049 1267 1105 praefe&o
1297 1047 1420 1090 claffis
1450 1066 1470 1085 ‹<
1496 1050 1747 1091 circumvehi

360 1118 640 1158 »Britanniam
669 1120 687 1143 4
718 1132 740 1150 »
770 1114 978 1169 praecepit:
1009 1112 1105 1152 datae
1135 1112 1183 1152 ad
1212 1112 1252 1152 id
1276 1113 1405 1162 vires,
1435 1115 1475 1152 ἃ
1506 1113 1748 1168 praecefferat

359 1194 511 1222 terror:
540 1179 622 1234 ipse
657 1177 831 1233 peditem
859 1189 976 1230 atque
1003 1175 1154 1228 equites
1182 1171 1294 1214 lento
1318 1175 1487 1224 itinere,
1514 1180 1594 1229 quo
1621 1192 1749 1217 nova-

360 1259 449 1284 rum
476 1243 657 1297 gentium
681 1241 803 1280 animi
826 1237 908 1294 ipsa
929 1238 1107 1278 transitus
1127 1235 1236 1277 mora
1256 1251 1496 1278 terrerentur
1511 1268 1523 1287 ‚
1551 1239 1592 1278 in
1615 1239 1747 1280 hiber-

361 1308 423 1348 nis
449 1306 614 1346 locavit.
642 1303 694 1343 Et
718 1301 831 1342 simul
856 1300 978 1342 claffis
1002 1299 1174 1341 secunda
1198 1301 1426 1356 tempestate
1451 1316 1497 1341 ac
1518 1301 1623 1342 fama
1648 1303 1748 1343 Tru·

360 1368 560 1410 tulensem
594 1379 753 1422 portum
785 1370 797 1396 5
829 1365 988 1416 tenuit,
1022 1363 1128 1404 unde
1156 1365 1342 1420 proximo
1374 1363 1498 1406 latere
1530 1365 1745 1407 Britanniae

364 1431 469 1474 letio
494 1431 623 1473 omnis
646 1429 815 1471 redierat
842 1426 872 1470 ⁶„

1078 1569 1202 1602 portum
1213 1563 1247 1593 B.
1260 1561 1440 1602 Augustinus
1449 1586 1457 1599 ‚
1470 1562 1635 1594 Britanniae
1648 1564 1747 1603 Apos-

407 1570 417 1585 ¹
440 1566 553 1596 simus
579 1565 773 1603 couci-mm]
797 1566 876 1597 Vere
899 1564 1040 1596 observa-

1078 1604 1180 1638 tolus‚
1201 1604 1328 1642 appulit.
1352 1603 1432 1633 Vide
1452 1604 1584 1639 Bedam,
1603 1603 1670 1642 Hzst.
1690 1604 1747 1632 Ec-

366 1612 434 1637 tum
445 1615 462 1635 a
477 1606 589 1635 Tacito
602 1605 736 1642 Hist.11‚
756 1617 796 1643 44
807 1629 816 1641 ‚
839 1605 980 1635 homines
990 1615 1040 1633 ex-

365 1646 452 1673 tremii
474 1643 655 1681 desperatione
675 1644 710 1672 ad
730 1644 909 1683 iramsaepius
922 1667 932 1682 ‚
962 1646 1039 1683 quiim

366 1683 396 1713 in
404 1682 580 1720 formidinem
602 1683 804 1714 stimulantur.

407 1728 418 1741 ²
446 1725 584 1754 SAEVISSE
603 1725 784 1760 QUOSDAM]
816 1723 927 1753 Talem
950 1721 1038 1753 fero-

367 1761 448 1792 ciam
496 1762 674 1793 notavimus
713 1763 816 1801 supra,
838 1763 876 1792 de
899 1763 1038 1792 Moribus

368 1803 597 1833 Germanorum
610 1825 619 1838 ,
636 1812 702 1840 cap.
719 1812 768 1839 37.
785 1811 851 1840 pag.
862 1812 909 1840 50.
929 1811 995 1831 not.
1012 1813 1037 1840 5.

408 1847 417 1866 3
443 1842 694 1877 Honrsronum]
720 1841 839 1871 Horesti
854 1863 863 1876 ,
884 1851 966 1871 nunc
976 1841 1039 1869 Arz-

363 1889 418 1919 gus
430 1902 439 1915 ,
455 1880 565 1910 Scotiae
588 1880 753 1918 provincia
773 1902 781 1915 ,
807 1879 889 1909 inter
905 1880 1038 1918 provin-

366 1919 430 1949 cias
466 1919 614 1948 Stratfzerrz
643 1920 677 1950 ὃς
701 1918 817 1947 Mernes
837 1942 847 1956 ,
873 1920 1038 1950 Orientem

366 1960 481 1989 versus.

404 2002 420 2020 ⁴
448 1998 660 2028 Cincuiivanr
698 1998 902 2028 Bmuuumm
932 1998 946 2034 ]
991 1998 1037 2028 De

367 2035 425 2065 hac
441 2037 529 2066 claffe
548 2036 739 2067 Britanniam
752 2036 958 2066 circumvecta
968 2037 1037 2067 dic—

366 2082 435 2105 tum
459 2076 499 2105 est
523 2076 592 2105 satis
610 2075 645 2104 in
662 2076 755 2106 Notis
775 2077 809 2106 ὅτ,
831 2077 1037 2107 Emendatio—

367 2113 459 2144 nibus
485 2114 523 2144 ad
543 2125 608 2152 cap.
633 2118 682 2144 28.
712 2114 849 2145 Profecta
874 2116 914 2145 est
933 2126 1035 2147 autem

367 2152 460 2182 classis
479 2155 516 2183 ab
536 2153 671 2184 aestuario
693 2154 762 2184 Tao
775 2177 784 2189 ‚
807 2164 890 2184 nunc
909 2154 987 2184 Firts'z
1012 2155 1044 2191 of

367 2191 443 2231 Tay,
465 2201 517 2222 aut
536 2203 551 2222 e
567 2193 659 2231 paulo
678 2192 835 2231 superiore
851 2202 960 2232 portu,
981 2194 1034 2234 qui

368 2240 453 2262 nunc
474 2231 587 2261 dicitur
600 2229 749 2270 Montross.

410 2275 419 2296 5
443 2270 677 2301 TRUTULENSEM
694 2273 844 2309 Pontum]
862 2273 969 2303 Portus
983 2271 1036 2303 ille

368 2308 472 2349 passim
496 2310 665 2347 appellatur
676 2309 838 2349 Rutupenfir
851 2335 860 2348 ‚
884 2320 936 2341 aut
950 2312 1037 2340 Rutu-

365 2348 470 2385 pims,
489 2359 572 2378 nunc
598 2349 770 2383 Sizrzdwicm
794 2351 829 2380 ὃς
859 2351 940 2389 apud
959 2352 1035 2380 Pto-

370 2387 510 2419 lemaeum
530 2411 541 2428 ,
575 2388 603 2418 II
619 2411 629 2427 ‚
659 2398 673 2426 3
692 2411 701 2427 ,
729 2389 866 2428 rssrzssmoq.
891 2390 939 2420 Ad
954 2389 1037 2421 hunc

1078 1642 1212 1681 clqsiqsticu
1239 1644 1277 1678 Ι,
1303 1653 1352 1681 25.
1374 1642 1522 1672 Fueritne
1554 1643 1747 1682 quandoque

1077 1692 1094 1712 a
1118 1681 1269 1712 Romanis
1297 1681 1392 1711 dicius
1427 1681 1632 1718 Trutulenfis‚
1659 1683 1745 1721 quod

1078 1721 1187 1759 magnit
1204 1730 1368 1751 truttarum
1383 1744 1391 1755 ‚
1412 1721 1531 1751 Gallice
1553 1720 1600 1749 des
1611 1720 1721 1750 Truires
1733 1745 1745 1758 ‚

1077 1760 1168 1799 copia
1186 1761 1340 1795 abundet,
1359 1768 1392 1789 ut
1407 1761 1444 1790 ab
1462 1760 1584 1790 erudito
1593 1760 1746 1791 Britanno

1076 1799 1203 1835 audivi,
1222 1800 1331 1830 dubito
1351 1810 1358 1828 ε
1372 1798 1504 1829 maxime
1518 1823 1526 1835 ‚
1548 1801 1617 1828 cum
1632 1809 1749 1831 trutta-

1077 1849 1143 1869 rum
1162 1849 1279 1869 nomen
1301 1849 1402 1877 neque
1421 1839 1501 1876 apud
1521 1838 1673 1874 Plinium,
1689 1850 1749 1870 ne-

1077 1889 1136 1917 que
1155 1879 1235 1916 apud
1247 1879 1325 1908 alios
1340 1878 1426 1914 hujus
1443 1877 1502 1906 aevi
1517 1877 1677 1916 scriptores
1691 1889 1748 1909 oc-

1076 1926 1197 1955 currat·,
1217 1918 1250 1948 ὃς
1263 1917 1454 1955 Rutupinum
1476 1927 1593 1947 nomen
1616 1919 1678 1955 jam
1693 1918 1748 1947 in-

1076 1965 1240 1993 notuerat,
1262 1966 1296 1988 ut
1317 1964 1399 1996 patet
1419 1966 1457 1986 ex
1474 1957 1633 1987 Juvenalis
1647 1959 1747 1997 Satyr.

1077 1997 1134 2034 IV,
1163 2007 1214 2033 141
1231 2018 1242 2033 ‚

1111 2069 1200 2101 Ostrea.

1115 2115 1128 2133 ⁶
1155 2116 1258 2145 Omns
1282 2125 1441 2146 izi-:mmm-
1459 2116 1474 2152 ]
1507 2114 1587 2145 Vide
1601 2114 1748 2146 Notas&

1077 2154 1319 2184 Emendationes
1338 2155 1376 2184 ad
1392 2164 1456 2192 cap.
1471 2156 1520 2191 38.
1536 2153 1664 2183 Classisa
1676 2155 1746 2184 Tao

1076 2193 1230 2230 aestuario,
1250 2193 1327 2224 Firtlz
1348 2192 1447 2231 ofTa)l
1460 2216 1468 2227 ‚
1492 2193 1658 2222 maximam
1678 2193 1746 2222 Bri-

1077 2232 1189 2262 tanniae
1209 2240 1326 2270 partem
1339 2231 1542 2261 circumvecta
1552 2255 1560 2267 ,
1574 2231 1745 2262 Trutulen-

1076 2271 1137 2301 sem
1148 2279 1272 2309 portum
1290 2293 1299 2306 ‚
1319 2269 1468 2300 Sandwiclz
1483 2290 1491 2303 ,
1512 2270 1715 2308 tenuit;inde
1732 2293 1745 2308 ‚

1076 2309 1220 2348 proximo
1255 2308 1315 2339 hoc
1339 2309 1505 2339 Britannice
1526 2310 1620 2339 latere
1638 2310 1718 2341 lesio
1734 2331 1744 2346 ‚

1076 2348 1180 2378 omnis
1207 2371 1215 2384 ‚
1244 2358 1283 2378 ne
1299 2347 1359 2378 unzi
1377 2348 1504 2387 quidem
1523 2348 1630 2378 amma
1647 2348 1746 2384 navi,

1075 2388 1175 2420 Taum
1183 2386 1352 2420 aestuarium
1360 2410 1371 2427 ‚
1391 2396 1443 2420 aut
1453 2387 1638 2419 Bodotriam
1647 2411 1656 2424 ,
1667 2387 1692 2416 F
1691 2387 1745 2418 irtlz

1517 2447 1749 2490 XXXIX2‘

1309 2035 1449 2069 Rutupinove
1464 2036 1525 2061 edica
1538 2037 1614 2068 fizndo

1778 813 1832 845 16

1779 1132 1828 1176 15

1773 1441 1831 1469 20
