1952 2708
342 161 431 200 452
768 142 1278 186 APPENDIX

343 224 420 262 divi
437 221 512 257 Titi
537 221 641 263 filice,
664 222 842 270 prorupit.
859 222 925 266 At,
942 221 1033 257 intra
1048 221 1157 259 breve
1178 230 1316 270 tempus
1331 249 1340 265 ‚
1359 221 1548 271 impatiens
1561 222 1724 268 discidii,

342 271 564 314 Domitiam,
589 271 684 321 quasi
700 271 916 320 efflagitante
936 272 1096 320 populo,
1122 272 1262 308 reduxit
1278 273 1302 307 ¹.
1325 272 1435 308 Haud
1460 272 1565 308 frac‘ta
1581 275 1725 310 ²tamen

341 322 446 360 Juliae
470 323 638 371 potentia
663 334 706 357 ac
729 321 859 357 libido.
891 323 1003 369 Super
1024 321 1086 356 has
1111 321 1323 368 cupidines,
1348 325 1381 357 &
1403 322 1639 359 aedificiorum
1660 324 1726 359 im-

343 372 486 421 pensas,
508 371 636 421 quibus
650 371 711 407 vix
728 383 791 419 par
803 370 917 406 fuisset
929 370 1116 418 imperium
1130 401 1138 412 ,
1157 371 1195 405 in
1220 371 1373 406 immane
1394 383 1578 408 creverant
1593 372 1725 420 specia-

344 422 513 458 culorum
543 423 712 469 sumptus.
744 420 792 456 Iis
818 420 919 456 brevi
944 419 1118 456 exhaustae
1155 432 1274 468 opes;
1303 423 1336 455 δε
1357 419 1531 468 Principis
1557 421 1726 459 libidines

344 471 475 519 inopia
491 471 660 509 accensae.
682 470 740 506 Sic
756 470 870 518 coepit
882 469 1105 506 tristiss'imum
1124 469 1215 505 illud
1230 469 1398 505 saeeuium
1415 497 1424 513 ,
1445 482 1519 519 quo
1537 498 1547 513 ,
1564 470 1729 508 resolutis

345 521 556 569 reipublicae
578 521 731 557 vinculis
743 549 754 564 ‚
771 521 908 556 turbata
928 519 1051 555 omnia
1063 521 1099 554 ’δε
1114 518 1152 554 in
1165 520 1384 556 contrarium
1399 520 1507 556 versa.
1537 520 1646 555 Curia
1662 531 1729 557 tre-

345 571 432 619 pida
447 570 515 606 fuit
529 573 562 607 ὅ(
579 570 742 620 elinguis.
774 570 815 605 In
835 569 950 606 castris
976 568 1073 604 nulla
1095 567 1245 605 ducibus
1269 570 1457 606 auctoritas
1478 598 1487 611 ,
1514 569 1612 605 nulla
1636 570 1729 606 mili-

346 621 441 656 tibus
460 621 679 657 verecundia
696 622 721 655 ³.
745 620 843 655 Inter
864 619 941 654 licec
958 618 1128 655 immotus
1141 619 1341 668 Agricola‘*
1356 619 1490 669 grande
1506 619 1605 656 dedit
1623 620 1732 656 cons-⁷

344 672 467 706 tantiae
485 671 700 718 exemplum.
722 669 902 705 Hactenus
914 668 1099 705 Britannia
1113 668 1199 705 belli
1224 669 1390 718 pacisque
1410 669 1541 706 artibus
1559 670 1732 716 obtenta,-

347 720 551 769 cunffisque
565 719 731 769 gentibus
758 720 807 755 cis
824 719 1039 755 Bodotriam
1066 718 1274 768 compositis
1292 747 1302 764 ‚
1332 719 1518 756 Hiberniae
1542 720 1733 756 imminens

347 782 429 806 eam
453 770 551 806 facili
566 781 741 818 certaeque
757 769 917 805 vidoriae
940 768 1148 804 destinabat.
1173 770 1223 805 At
1242 770 1392 818 propius
1420 769 1634 819 graviusque
1664 770 1733 806 dis-

347 821 482 856 crimen
497 819 687 869 ingruebat
704 819 748 854 ab
764 818 892 868 amplis
908 818 1114 855 civitatibus
1129 829 1223 855 trans
1235 819 1449 856 Bodotriam
1460 819 1540 856 sitis.
1558 819 1734 870 Agricola

346 870 418 906 hac
437 869 552 906 oestate
577 881 634 906 eas
663 870 823 906 exercitu
850 868 1024 918 classeque
1049 869 1224 919 adgressus
1244 897 1253 913 ,
1279 869 1378 905 simul
1394 870 1487 907 terra
1503 898 1512 913 ,
1532 870 1630 906 simul
1645 871 1735 906 mari

348 919 483 957 bellum
508 920 650 967 impulit
662 947 671 962 ,
698 930 738 954 ut
754 918 860 954 latius
874 919 1009 955 faceret
1024 930 1198 955 terrorem
1211 947 1221 963 ‚
1246 922 1279 956 ὃ(
1296 919 1420 956 subitis
1436 931 1650 957 occurreret.
1665 922 1736 957 Po-

352 969 432 1018 puli
451 969 693 1006 Caledoniam
715 968 916 1005 incolentes
929 999 937 1011 ,
965 969 1096 1017 aperiri
1120 969 1202 1005 suos
1220 969 1369 1007 recessus
1389 970 1588 1021 indignati,
1613 981 1740 1019 paratu

350 1032 484 1069 magno
501 1032 596 1055 arma
611 1032 750 1067 cepere.
775 1019 950 1066 Agricola
969 1046 978 1062 ‚
1006 1032 1052 1055 ne
1069 1019 1257 1067 superante
1280 1033 1431 1057 numero
1448 1048 1460 1063 ,
1484 1024 1517 1057 &
1533 1021 1662 1069 peritia
1681 1021 1737 1058 lo-

350 1081 478 1105 corum
497 1069 765 1110 circumiretur,
789 1069 906 1104 diviso
921 1068 958 1103 in
972 1078 1040 1105 tres
1058 1080 1176 1117 partes
1193 1070 1352 1105 exercitu
1368 1097 1377 1113 ‚
1406 1071 1552 1106 incessit.
1587 1071 1711 1107 Hostis
1725 1098 1738 1115 ‚

350 1118 544 1156 occasione
562 1119 642 1154 usus
666 1149 674 1161 ‚
698 1130 834 1154 nonam
861 1118 1045 1167 legionem
1057 1144 1066 1159 ,
1086 1129 1127 1154 ut
1147 1119 1300 1155 maxime
1318 1119 1514 1155 invalidam
1526 1147 1535 1163 ‚
1553 1123 1657 1157 ῃοξὶε·
1671 1121 1737 1157 ad-

350 1169 502 1218 gressus,
524 1169 618 1205 inter
640 1168 805 1205 somnum
831 1180 873 1204 ac
887 1168 1170 1217 trepidationem
1189 1169 1328 1217 irrupit,
1349 1169 1463 1216 Quod
1478 1169 1539 1206 ubi
1551 1170 1738 1220 Agricolae

353 1230 580 1267 compertum
594 1246 602 1262 ‚
619 1231 729 1268 opem
748 1218 853 1261 tulit,
880 1221 912 1254 &
926 1218 1120 1255 Britannos
1142 1219 1192 1254 ita
1209 1219 1353 1262 terruit,
1380 1230 1420 1255 ut
1441 1220 1503 1254 nisi
1530 1220 1681 1269 paludes
1704 1224 1739 1258 &

352 1268 447 1304 silvae
462 1268 638 1318 fugientes
658 1268 838 1310 texissent,
853 1268 1071 1305 debellatum
1085 1268 1147 1305 illa
1164 1269 1315 1305 vistoria
1335 1269 1439 1306 foret.
1458 1269 1621 1306 Succeffu
1636 1271 1739 1308 ferox

353 1319 529 1355 exercitus
550 1318 805 1367 penetrandam
820 1318 1058 1354 Caledoniam
1086 1319 1269 1355 fremebat.
1297 1320 1382 1355 Dux
1409 1320 1549 1356 cautior
1579 1320 1704 1356 restitit
1728 1350 1739 1365 ,

353 1379 394 1404 ut
408 1379 540 1404 certam
558 1369 827 1405 &incruentam
841 1368 1028 1404 viffiioriam
1046 1380 1197 1417 pararet.
1224 1369 1360 1405 Eadem
1375 1369 1490 1407 testate
1509 1370 1642 1406 cohors
1656 1370 1739 1406 Ufi-

353 1418 536 1467 piorum³³
554 1431 616 1467 per
644 1419 852 1454 Germanias
882 1418 1086 1467 conscripta
1111 1448 1119 1458 ,
1148 1423 1181 1455 δέ
1206 1419 1243 1454 in
1268 1419 1489 1456 Britanniam
1514 1420 1706 1456 transmissa
1728 1449 1741 1465 ‚

355 1467 556 1505 conscenfis
570 1468 680 1504 tribus
698 1467 884 1505 liburnicis
896 1497 905 1512 ,
927 1468 1076 1518 aufugit.
1094 1468 1197 1512 Hac,
1211 1469 1295 1504 illac
1312 1470 1426 1517 rapti,
1443 1473 1476 1505 ὃς
1494 1469 1538 1505 ad
1551 1469 1589 1505 id
1603 1470 1741 1518 inopiae

355 1518 491 1560 adaffi,
510 1529 550 1553 ut
565 1518 816 1554 infirmisfimos
836 1518 979 1555 suorum
992 1549 1000 1561 ,
1019 1531 1106 1554 mox
1130 1519 1225 1555 sorte
1246 1518 1369 1555 duetos
1387 1520 1614 1556 vescerentur
1633 1550 1641 1563 ‚
1661 1521 1743 1556 Bri-

355 1568 517 1603 tanniam
534 1568 761 1604 circumvecti
782 1568 871 1604 sunt.
896 1569 946 1604 At
964 1569 1089 1604 amissis
1112 1581 1173 1617 per
1190 1568 1368 1604 inscitiam
1396 1569 1543 1619 regendi
1569 1570 1743 1614 navibus,

357 1629 380 1652 a
393 1617 519 1653 Suevis
534 1618 721 1668 Frisiisque
745 1618 935 1668 intercepti
963 1631 1005 1654 ac
1032 1618 1240 1655 venumdati
1256 1619 1396 1656 indicio
1412 1619 1503 1656 tanti
1522 1619 1743 1657 casfisincla-

358 1678 471 1703 ruere.

655 1717 791 1754 ANNUS
815 1718 862 1756 U.
877 1719 920 1757 C.
937 1730 1181 1756 Dcccxxxvu.
1233 1719 1264 1757 J.
1280 1721 1318 1756 C.
1349 1722 1410 1769 84.

412 1811 631 1849 Domitiano
646 1814 871 1864 AugustoX,
887 1818 920 1851 ὃς
939 1814 985 1850 Τ.
1000 1816 1149 1852 Aurelio
1166 1815 1302 1851 Sabino
1323 1815 1336 1832 ⁵
1351 1815 1558 1853 consulibus
1574 1843 1586 1860 ‚
1604 1817 1745 1866 quaesita

359 1862 447 1898 belli
466 1862 612 1899 materia
631 1895 638 1906 ,
664 1875 702 1900 ut
717 1865 886 1913 Princeps
911 1865 1143 1914 triumphalia
1173 1865 1289 1902 civilis
1314 1865 1403 1902 belli
1422 1866 1654 1916 Judaicceque
1672 1868 1748 1903 vic-

359 1912 482 1955 toriae,
507 1925 585 1963 quae
610 1913 745 1950 dudum
763 1915 1013 1958 aemulabatur,
1035 1915 1167 1952 decora
1184 1916 1424 1964 praemineret.
1453 1916 1570 1953 Petita
1598 1919 1746 1954 Germa-

359 1961 430 1997 nia.
462 1963 510 1999 At
540 1976 584 1999 ne
604 1975 726 2013 gentes
747 1964 948 2001 domesticis
971 1966 1180 2002 tumultibus
1206 1965 1329 2002 divisae
1346 1997 1353 2009 ,
1380 1966 1418 2002 in
1442 1979 1553 2002 unum
1569 1966 1747 2004 sociaren-

361 2020 441 2055 tur,
467 2012 488 2046 fi
510 2012 562 2048 vis
578 2012 741 2050 Romana
771 2028 905 2064 magno
927 2026 1051 2063 paratu
1074 2015 1277 2066 ingrueret,
1297 2017 1527 2052 Domitianus
1551 2017 1746 2065 profec'kio—

360 2072 444 2098 nem
458 2062 554 2099 suam
574 2065 680 2101 censu
704 2064 871 2102 obtexuit
886 2065 1086 2103 Galliarum
1102 2068 1127 2106 ⁷.
1150 2067 1246 2104 Tum
1260 2065 1453 2117 inopinato
1478 2066 1578 2103 bello
1593 2067 1745 2114 affusus,

401 2200 410 2212 ³
431 2191 597 2224 Rmuxiii
614 2196 726 2225 Sueton.
742 2198 770 2225 in
783 2197 894 2226 Domit.
908 2198 963 2226 111.
1114 2207 1123 2222 5
1145 2200 1281 2228 Conci-<s
1301 2199 1486 2228 USIPIORUM
1512 2204 1521 2229 ]
1552 2198 1642 2227 Tacit.
1681 2196 1745 2226 Vir,

399 2234 411 2246 ²
432 2228 524 2256 HAUD
550 2239 668 2259 FRACTA
682 2235 692 2261 ]
708 2233 861 2263 Di0‚ibid.
1076 2235 1328 2269 Agric.XXVIII.

380 2297 385 2303 ,
402 2267 410 2283 ³
433 2263 606 2303 Miririiius
636 2271 858 2297 VERECUNDIA]
892 2269 957 2296 Haec
971 2277 1035 2302 que·
1111 2274 1122 2288 ⁶
1143 2271 1178 2297 T.
1197 2271 1345 2298 Ammo
1366 2270 1479 2297 SABINO
1497 2272 1507 2298 3
1528 2269 1571 2295 Ita
1584 2275 1663 2295 vetus
1676 2267 1745 2305 lapis

365 2305 432 2337 ntur
439 2296 546 2325 Plinius
556 2298 604 2332 Ep.
616 2301 706 2330 vill,
724 2312 753 2334 14
762 2322 768 2331 ‚
778 2302 874 2330 horum
883 2312 1035 2337 temporum
1075 2305 1147 2338 apud
1160 2305 1337 2333 Theodorum
1348 2305 1383 2331 ab
1393 2305 1573 2332 Almeiowen
1583 2322 1590 2332 ‚
1605 2302 1632 2329 in
1642 2305 1747 2335 praeiat.

365 2331 449 2360 testis.
1074 2340 1110 2366 ad
1124 2340 1215 2367 Fastos
1226 2362 1233 2371 ‚
1254 2350 1328 2368 num.
1342 2339 1427 2366 XIV.

386 2374 413 2407 *4
434 2367 602 2408 Acriicottf.
616 2371 625 2397 ]
638 2368 692 2396 Res
705 2370 840 2404 Agricolae
854 2374 908 2409 jam
923 2374 1035 2402 illustra·
1113 2381 1123 2397 ⁷
1144 2375 1363 2405 GALLIARUM]
1385 2374 1507 2403 Frontin.
1520 2372 1680 2408 Strategem.
1692 2371 1745 2402 Ιώ

366 2411 454 2430 Vinius
468 2402 545 2437 supra
559 2403 619 2433 Vir.
634 2404 728 2439 Agric.
741 2407 831 2434 XXss
846 2408 952 2443 &icqq.
1075 2419 1151 2439 num,
1167 2412 1192 2439 8.
