1952 2708
623 174 1154 221 AGRICOLA.

1531 183 1581 232 83

199 255 307 304 mani
324 256 636 306 consuetudine,
649 269 694 297 ut
710 255 875 296 liaberet
889 257 1146 297 instrumenta
1162 258 1359 301 servitutis
1374 264 1413 302 ὃς
1429 275 1542 316 reges
1559 266 1585 303 ¹.

198 325 305 366 Mox
321 321 467 362 Didius
489 319 632 362 Gallus
651 324 666 341 ²
684 333 793 376 parta
808 336 828 360 a
842 319 1039 376 prioribus
1056 321 1258 360 continuit
1271 351 1284 370 ,
1300 326 1436 378 paucis
1451 325 1588 366 admo-

197 387 295 428 dum
312 383 480 427 castellis
496 385 537 424 in
553 383 744 426 ulteriora
764 384 961 440 promotis
975 413 988 433 ,
1010 398 1079 439 per
1107 398 1190 436 quae
1212 383 1317 424 fama
1336 389 1437 425 auen
1460 388 1587 429 officii

196 463 447 505 quaereretur.
475 448 646 489 Didium
674 449 871 491 Veranius
896 452 906 476 ³
933 448 1095 502 excepit
1120 476 1133 496 ,
1165 447 1275 500 isque
1302 449 1405 489 intra
1438 465 1587 492 annum

147 522 173 567 ᾗς
199 515 408 555 θΧίὶίηξὶιιε
425 514 491 554 est.
511 513 728 554 Suetonius
746 514 843 553 hinc
862 509 1066 552 Paullinus
1082 514 1099 539 4
1122 509 1288 550 biennio
1304 512 1508 568 prosperas
1528 529 1588 554 res

199 576 340 618 habuit
355 607 368 628 ‚
396 577 562 618 subaffis
582 575 813 617 nationibus
826 606 840 627 ,
863 575 1106 629 firmatisque
1125 574 1328 629 praesidiis:
1346 590 1514 628 quorum
1540 577 1587 616 fi-

198 641 317 682 ducia
336 642 509 683 Monam
524 638 695 681 insulam
714 645 726 672 5
737 670 750 691 ,
770 654 815 680 ut
830 641 933 681 vires
953 637 1169 680 rebellibus
1185 639 1471 679 ministrantem
1486 669 1498 690 ,
1520 639 1586 680 ad<

200 704 348 760 greffus
361 734 375 756 ,
391 719 506 761 terga
526 705 728 746 occasioni
743 704 936 761 patefecit
945 703 975 745 ⁶.

265 768 367 810 XV.
401 771 445 809 N
454 783 477 809 A
489 782 594 817 MQU
607 782 628 808 E
649 766 825 810 absentia
840 767 964 823 legati
979 780 1138 808 remoto
1155 779 1266 807 metu
1279 795 1292 817 ,
1314 764 1497 806 Britanni
1514 766 1593 819 agi·

125 846 142 874 1
154 846 176 872 0
201 844 285 872 tare
302 833 406 873 inter
421 833 460 873 se
475 831 580 873 mala
596 833 817 884 servitutis,
833 832 1017 874 conferre
1037 829 1216 883 injurias,
1234 834 1274 870 ὃ(
1290 828 1591 884 interpretando

200 896 436 937 accendere.
458 914 479 934 (t
495 895 615 937 Nihil
631 897 773 952 profici
790 893 980 952 patientia
993 925 1006 945 ,
1020 895 1090 934 nisi
1104 906 1148 934 ut
1163 895 1370 949 graviora,
1387 905 1593 946 tamquam

199 973 283 999 »ex
310 958 420 1000 facili
440 959 704 1001 tolerantibus
724 990 737 1010 ,
760 961 1034 1016 imperentur:
1056 957 1231 1012 singulos
1258 956 1327 996 sibi
1355 955 1453 996 olim
1478 969 1593 1010 reges

199 1022 343 1062 »fuisse
358 1052 370 1073 ‚
385 1038 492 1065 nunc
513 1023 630 1064 binos
646 1025 803 1079 imponi
818 1028 831 1050 ⁷
845 1037 856 1069 3
871 1038 893 1063 e
908 1022 1050 1076 quibus
1065 1021 1220 1076 legatus
1237 1022 1278 1060 in
1295 1020 1530 1074 sanguinem
1579 1047 1593 1067 ‚

202 1100 473 1141 »procurator
489 1092 504 1116 9
522 1088 563 1126 in
585 1086 692 1127 bona
721 1087 874 1127 saeviret
901 1104 908 1126 :

126 1157 175 1197 15
202 1161 367 1189 »torum
382 1180 395 1200 ,
418 1150 526 1204 aeque
551 1150 813 1191 concordiam
839 1147 1022 1200 subjeclis
1038 1148 1249 1188 exitiosam

1547 1015 1561 1039 8

936 1086 1044 1139 aequt‘:
1071 1084 1312 1126 discordiam
1342 1087 1376 1106 ¹0
1408 1082 1592 1138 praepoli-

1283 1165 1291 1187 :
1318 1145 1480 1186 alterius
1510 1160 1595 1185 ma-

203 1227 308 1253 »nus
327 1219 376 1262 ¹¹,
391 1215 648 1254 centuriones
663 1212 823 1253 alterius
841 1242 852 1261 ,
874 1213 957 1252 vim
976 1216 1015 1252 ὅ(
1035 1209 1302 1252 contumelias
1324 1209 1514 1249 miscere:
1537 1209 1597 1249 ni-

202 1291 225 1312 ))
237 1274 294 1314 hil
315 1274 394 1327 jam
425 1276 636 1332 cupiditati
659 1307 672 1326 ,
697 1274 799 1315 nihil
819 1274 976 1315 libidini
1004 1287 1220 1330 exceptum
1240 1291 1247 1313 :
1269 1275 1309 1313 in
1342 1272 1489 1328 proelio
1518 1272 1596 1313 for-

203 1339 384 1380 »tiorem
412 1339 511 1391 esse,
540 1340 607 1394 qui
631 1338 778 1395 spoliet
799 1356 807 1379 :
830 1354 939 1380 nunc
963 1337 1010 1378 ab
1035 1338 1190 1393 ignavis
1209 1335 1447 1393 plerumque
1465 1338 1504 1376 &
1522 1336 1597 1376 im-

207 1482 321 1526 Annal.
335 1484 411 1519 XII,
434 1494 486 1521 32,
508 1483 623 1513 Colonia
639 1483 856 1514 Camulodunum
871 1507 880 1520 ‚

206 1522 301 1553 valida
324 1532 513 1552 veteranorum
548 1534 630 1552 manu
653 1548 662 1561 ,
693 1534 777 1554 nunc
813 1522 880 1552 Col-

206 1561 314 1600 chester.

245 1607 253 1620 ¹
279 1603 322 1632 Er
335 1603 459 1640 Rzom]
478 1603 558 1634 Vide
568 1604 655 1642 supra
667 1605 780 1635 Annal.
796 1606 880 1642 XIV,

209 1644 260 1671 26.
282 1643 358 1678 XV,
386 1653 409 1671 1.
429 1644 462 1673 δί
484 1643 555 1673 Hist.
572 1645 617 1679 ll,
642 1647 688 1674 81.

249 1684 260 1697 ²
283 1681 399 1711 Dinnis
422 1683 570 1716 Gutus]
593 1685 659 1714 Jam
681 1684 819 1715 laudatus
835 1685 882 1716 su-

208 1720 262 1759 pra
284 1721 396 1750 Annal.
417 1722 493 1758 XII,
513 1733 562 1759 40.

249 1765 258 1784 3
283 1762 470 1797 Vrimuius]
495 1763 596 1799 Quem
622 1763 781 1794 consulem
802 1763 881 1793 vidi-

207 1809 274 1842 mus
289 1798 375 1837 supra
400 1801 512 1830 Annal.
527 1803 581 1831 XII
596 1826 604 1838 ‚
629 1812 654 1837 5.
677 1803 860 1842 Strategicimz
872 1827 880 1839 ,

208 1839 322 1882 librum
338 1838 499 1870 utiliorem
512 1865 520 1877 ,
535 1843 628 1879 quam
643 1843 880 1882 elegantiorem,

207 1877 256 1908 1111
277 1877 427 1917 inscripsit
443 1881 636 1912 Onosander.

246 1920 261 1939 4
290 1919 463 1949 Sum-ouius
498 1931 568 1951 HINC
604 1923 802 1961 pivimus]
834 1922 881 1952 De

208 1966 273 1995 qno
293 1957 390 1988 multa
404 1961 516 1990 Annal.
534 1962 605 1991 XIV
617 1986 626 1998 ‚
644 1974 683 1998 29
703 1963 735 1993 ὃ(
751 1962 836 2002 seqq.

233 2001 258 2047 ⁷5
284 1996 407 2027 Monam
430 2010 565 2031 1NSULAM
580 2004 591 2035 ]
609 2003 701 2033 Nunc
716 2002 780 2039 l’isle
796 2001 884 2031 [ΓΔΗ-

207 2035 305 2074 giesey.
330 2036 426 2068 Mona
450 2050 576 2079 quoque
599 2052 614 2072 a
637 2042 721 2073 Julio
737 2038 860 2072 *Caesare
875 2066 882 2079 ‚

197 2075 290 2105 Bell.
303 2076 384 2118 Gall.
403 2079 450 2121 Y,
473 2090 526 2116 13,
545 2082 608 2111 &a
631 2081 732 2112 Plinio
748 2084 788 2112 IV
803 2085 884 2118 216,

211 2114 361 2159 Monapia
380 2116 494 2147 dicitur
515 2118 575 2149 alia
596 2119 693 2152 insula
707 2145 715 2158 ‚
729 2122 821 2159 paulo
835 2120 885 2151 su—

209 2163 317 2193 perior
329 2178 338 2191 ,
358 2166 440 2187 nunc
454 2156 536 2188 Man.

250 2195 264 2213 ⁶
289 2196 465 2238 QccAs101<1
487 2208 655 2229 ΡΑτειτΕςι-ι·
676 2201 686 2231 ]
719 2199 886 2229 Suetonius

212 2233 369 2278 Paullinus
392 2260 400 2272 ‚
425 2236 498 2266 dum
525 2238 654 2268 Monam
682 2236 814 2268 insulam
837 2249 888 2276 ag-

214 2274 428 2312 grediebatur,
446 2276 559 2307 viciam
574 2277 740 2308 Britannia:
758 2276 888 2316 partem,

213 2321 308 2350 quam
322 2325 339 2344 a
356 2323 442 2355 tergo
463 2317 630 2355 reliquerat
654 2342 662 2354 ,
690 2317 796 2347 subitis
817 2317 890 2347 cafi-

215 2351 278 2396 bus·
299 2355 426 2392 obJ'ecit,
447 2356 653 2388 Occasionem
673 2356 751 2388 hanc
769 2357 890 2387 Gallice

212 2389 349 2422 dicimus
362 2393 525 2434 lafiirprijb.

921 1483 1320 1522 ncmpc&pr0curatorem
1329 1479 1597 1518 Caesarisimponi.

962 1524 973 1542 ⁸
997 1525 1029 1553 ln
1052 1523 1259 1558 SANGUINEM]
1283 1522 1334 1551 Ob
1351 1519 1447 1560 gladii
1462 1520 1598 1558 potcsta—

922 1570 986 1593 tcni
999 1587 1007 1600 ‚
1025 1562 1085 1602 quii
1098 1563 1241 1592 utebatur
1255 1562 1382 1599 legatus.
1394 1559 1474 1590 Vide
1484 1559 1598 1597 Digest.

922 1603 993 1632 libr.
1011 1603 1033 1631 l.
1057 1601 1123 1632 Tit.
1152 1605 1196 1631 16.
1217 1601 1254 1631 de
1271 1599 1385 1631 Officio
1401 1599 1598 1637 proconsulis

921 1643 955 1673 ὃς
973 1641 1076 1680 legati.
1091 1643 1168 1680 ch.
1187 1645 1203 1670 6
1215 1641 1287 1672 &8.

959 1687 972 1706 9
995 1683 1216 1712 Pnocunsron
1235 1683 1247 1718 ]
1282 1678 1345 1717 Qui
1366 1680 1436 1709 cum
1460 1677 1598 1716 publicas

923 1721 1108 1760 Caesarisque
1134 1731 1180 1750 res
1207 1728 1349 1753 curaret,
1367 1717 1498 1748 avaritia
1523 1717 1599 1754 saepc

923 1761 954 1790 in
974 1762 1059 1792 bona
1071 1760 1225 1790 saeviebat.
1250 1759 1320 1790 Cati
1339 1757 1497 1793 Deciani,
1523 1767 1600 1794 pro-

922 1800 1072 1832 curatoris
1090 1824 1099 1837 ,
1126 1799 1258 1830 avaritia
1281 1798 1447 1828 Britannos
1479 1796 1508 1825 in
1532 1795 1600 1825 bel-

922 1841 987 1870 lum
1012 1843 1096 1871 aulos
1113 1838 1198 1870 fuisse
1218 1838 1353 1869 vidimus
1375 1836 1463 1875 supra
1484 1835 1600 1865 Annal-

922 1881 1015 1915 XIV,
1046 1891 1093 1917 32.
1447 1913 1452 1919 .

964 1925 991 1939 ¹⁰
1014 1922 1112 1955 AEQUE
1137 1917 1369 1953 Discoimmm]
1393 1914 1491 1945 Julius
1515 1911 1600 1957 Clas-

923 1959 1053 1990 ficianus
1074 1958 1223 1990 successor
1237 1959 1318 1988 Cato
1335 1954 1514 1986 Decidiano
1528 1952 1600 1996 mis-

924 2000 969 2030 sus
995 1999 1055 2030 fuit
1076 2023 1086 2035 ,
1123 2008 1189 2029 non
1218 1996 1331 2027 melior
1352 2018 1361 2029 ,
1389 1994 1422 2024 &
1443 1995 1600 2024 Suetonio

926 2040 1050 2070 discors.
1063 2038 1144 2069 Vide
1162 2037 1247 2076 supra
1261 2035 1374 2066 Annal.
1390 2034 1461 2063 XIV
1472 2056 1481 2069 ‚
1499 2035 1547 2071 38.

967 2085 991 2100 ¹¹
1017 2079 1183 2107 Ati-smus
1212 2076 1345 2111 Mimos]
1378 2073 1488 2116 Manus
1505 2095 1514 2108 ,
1552 2071 1602 2101 seu

927 2119 1030 2149 servos
1062 2115 1273 2155 procuratoris
1295 2137 1305 2150 ‚
1340 2120 1541 2144 centuriones
1566 2121 1603 2154 ac

927 2158 1042 2188 milites
1056 2156 1168 2195 legati,
1185 2154 1252 2184 vim
1263 2164 1298 2184 ac
1308 2151 1517 2195 contumelias
1531 2149 1602 2179 mis-

928 2208 1007 2229 cere.
1029 2199 1114 2227 Inter
1134 2205 1240 2226 manus
1265 2200 1474 2233 procuratoris
1496 2199 1604 2233 nume-

929 2237 988 2268 rari
1018 2247 1144 2276 quoque
1165 2234 1289 2274 poffunt
1319 2231 1429 2263 coloni
1449 2230 1572 2261 Caesaris
1594 2251 1603 2265 ‚

930 2278 1075 2307 adversus
1092 2286 1170 2314 quos
1193 2285 1231 2304 ne
1260 2272 1336 2313 quid
1355 2269 1577 2302 tumultuosum
1594 2290 1604 2303 ‚

932 2316 983 2347 vel
1007 2315 1192 2354 injuriosum
1215 2314 1304 2344 fieret
1325 2313 1477 2343 cavebant
1497 2318 1605 2353 procu*

932 2364 1058 2386 ratores.
1081 2354 1161 2385 Vide
1186 2353 1299 2392 Digest.
1325 2352 1395 2382 libr.
1420 2352 1445 2394 1..
1468 2350 1532 2378 Tit.
1559 2356 1606 2382 ¹9·

933 2397 970 2426 de
988 2394 1101 2425 Officio
1117 2392 1326 2432 procuratoris
1340 2391 1474 2422 Caesaris.
1491 2389 1567 2426 Leg.
1581 2394 1607 2422 ς.

256 2434 271 2456 7
303 2432 396 2464 Nunc
433 2446 522 2467 sinos
549 2441 692 2472 mroui]
737 2437 893 2475 Legatum
932 2434 1170 2467 exeallistrato.

1304 2489 1391 2542 Lij
