1952 2708
82 815 132 843 30

79 1126 128 1167 ἒς

72 1442 128 1471 20

73 1755 125 1794 25

379 146 722 189 DIALoGUs
756 144 842 185 DE
876 146 1314 194 ORATORIBUS.
1452 140 1574 208 ,167¹

163 233 256 272 cum
282 227 323 268 se
358 225 521 283 plurimi
545 224 811 274 disertorum,
839 239 890 266 ne
916 241 939 266 a
963 227 1007 267 P.
1043 230 1205 281 quidem
1231 233 1453 291 Scipione,
1486 252 1554 279 aut

161 289 298 341 Sulla,
329 302 396 331 aut
422 289 501 330 Cn.
520 289 717 345 Pompeio
745 286 1011 340 abstinerent,
1042 293 1081 330 ὅ(
1106 294 1155 333 ad
1180 295 1426 339 incessendos
1448 302 1554 356 prin-

162 356 272 410 cipes
300 354 435 404 viros,
476 365 521 394 ut
549 353 602 393 est
631 365 771 394 natura
796 351 956 393 invidiae
974 382 987 405 ,
1023 354 1165 411 populi
1194 358 1314 398 etiam
1345 362 1552 407 histriones

163 416 322 459 auribus
353 423 363 440 ¹
390 429 598 458 uterentur
614 445 625 466 ,
655 428 848 472 quantum
873 416 1056 458 ardorem
1080 420 1278 474 ingeniis,
1308 437 1400 476 quas
1423 440 1552 469 orato-

162 480 269 522 ribus
298 480 406 523 faces
431 479 723 522 admovebant!
751 481 851 522 Non
885 480 934 521 de
963 479 1091 522 otiosa
1119 486 1159 523 &
1186 483 1318 537 quieta
1341 500 1382 526 re
1414 485 1551 543 loqui-

162 559 277 596 mur,
316 549 356 586 &
383 560 466 600 quae
494 543 694 602 probitate
722 548 763 586 ὃς
796 543 987 585 modestia
1020 546 1216 600 gaudeat:
1236 547 1300 588 sed
1328 550 1380 587 est
1406 566 1552 608 magna

162 607 233 649 illa
260 612 300 649 &
324 606 514 650 notabilis
542 607 802 663 eloquentia,
831 607 992 650 alumna
1015 608 1187 651 licentiae
1200 640 1213 661 ,
1242 624 1353 665 quam
1377 613 1481 655 stulti
1503 615 1552 657 li-

163 671 359 713 bertatem
383 670 611 722 vocabant,
640 687 775 714 comes
808 672 1081 724 seditionum,
1117 674 1296 715 effrenati
1323 675 1465 731 populi
1490 680 1552 720 in-

165 737 427 777 citamentum
440 765 453 786 ,
476 736 556 776 sme
576 734 767 790 obsequio
783 765 796 786 ‚
820 736 898 777 sine
919 734 1108 778 servitute
1121 767 1134 789 ,
1156 750 1376 778 contumax
1389 768 1402 790 ,
1431 753 1552 782 temen

164 800 263 840 raria
279 829 292 850 ‚
320 814 507 855 arrogans
523 829 537 850 ,
570 815 651 854 quae
678 801 719 840 in
736 799 838 841 bene
855 801 1078 842 constitutis
1107 800 1335 842 civitatibus
1359 817 1443 843 non
1471 806 1553 844 ori-

161 875 238 904 tur.
258 864 396 918 Quem
420 865 527 903 enim
553 876 752 905 oratorem
773 863 1120 905 Lacedaemonium
1134 893 1147 914 ,
1173 879 1291 918 quem
1314 865 1550 908 Cretensem

162 927 421 982 accepimus?
448 942 613 981 quatum
633 929 844 968 civitatum
870 926 1101 968 severiffima
1121 927 1356 984 disciplina,
1380 934 1419 970 &
1442 931 1550 971 seve*²

160 989 310 1029 riffimae
334 988 443 1045 leges
469 991 692 1032 traduntur,
721 993 790 1032 Ne
814 990 1088 1031 Macedonum
1116 990 1303 1044 quidem,
1338 1008 1383 1033 ac
1411 994 1548 1035 Persa-2

160 1067 247 1094 rum
266 1082 279 1104 ,
306 1067 373 1094 aut
394 1052 516 1095 ullius
541 1055 671 1109 gentis
689 1084 701 1105 ,
729 1069 812 1108 quae
841 1067 947 1096 certo
974 1053 1145 1109 imperio
1172 1068 1364 1096 contenta
1392 1056 1512 1098 fuerit
1532 1087 1548 1108 ,

161 1115 434 1171 eloquentiam
466 1119 666 1159 novimus.
690 1118 846 1159 Rhodii
878 1115 1060 1171 quidam,
1092 1116 1254 1172 plurimi
1279 1118 1549 1161 Athenienses

159 1193 337 1221 oratores
366 1181 599 1222 exstiterunt
616 1211 629 1232 ‚
658 1181 762 1238 apud
793 1195 892 1236 quos
911 1180 1046 1219 omnia
1075 1179 1276 1236 populus,
1306 1184 1442 1223 onmia
1469 1184 1548 1223 im·-

156 1244 300 1298 periti,
333 1245 495 1294 omnia,
523 1258 568 1285 ut
594 1245 645 1285 fic
668 1245 863 1295 dixerim,
883 1257 1023 1283 omnes
1051 1256 1249 1298 poterant.
1278 1246 1425 1286 Nostra
1448 1261 1548 1299 quo-

157 1320 234 1359 que
259 1307 425 1357 civitas,
455 1307 588 1348 donec
622 1309 796 1358 erravit,
825 1308 949 1348 donec
975 1305 1014 1346 se
1045 1305 1249 1361 partibus,
1280 1312 1319 1348 ὅ(
1347 1309 1547 1351 dissensio-

157 1368 272 1410 nibus
289 1399 301 1419 ‚
330 1374 369 1411 ὃς
393 1369 601 1412 discordiis
625 1371 826 1414 confecit,
853 1368 986 1409 donec
1018 1368 1128 1410 nulla
1155 1369 1233 1410 fuit
1258 1371 1300 1410 in
1330 1371 1420 1412 foro
1442 1387 1547 1428 pax,

158 1430 268 1473 nulla
287 1434 328 1472 in
350 1433 488 1474 senatu
511 1435 731 1476 concordia
746 1464 760 1486 ,
792 1431 896 1475 nulla
916 1433 957 1472 in
982 1430 1141 1483 judiciis
1164 1433 1412 1485 moderatio,
1434 1435 1546 1476 nulla

157 1495 405 1550 superiorum
424 1499 674 1548 reverentia,
699 1498 825 1538 nultus
848 1496 1144 1550 magistratuum
1168 1497 1331 1547 modus,
1354 1497 1447 1538 tulit
1466 1499 1547 1541 sine

158 1557 283 1599 dubio
310 1558 575 1602 valentiorem
602 1560 896 1616 eloquentiam,
925 1559 1038 1600 sicuti
1063 1560 1284 1601 indomitus
1308 1575 1401 1616 ager
1425 1561 1547 1602 habet

159 1621 344 1674 quasdam
371 1623 509 1665 herbas
532 1623 713 1666 laetiores.
735 1624 815 1664 Sed
840 1638 916 1664 nec
945 1624 1046 1664 tanti
1070 1622 1300 1679 reipublicae
1331 1625 1546 1667 Graccho-

157 1698 244 1724 rum
266 1684 496 1740 eloquentia
513 1688 612 1738 fuit,
640 1703 685 1729 ut
705 1701 906 1743 pateretur
926 1690 967 1727 ὅτ.
989 1685 1099 1742 leges
1137 1690 1150 1707 ²
1168 1704 1175 1726 z
1195 1701 1271 1728 nec
1300 1686 1411 1728 bonae
1440 1694 1449 1718 ³
1469 1689 1546 1730 for*¹

158 1762 264 1789 mam
289 1748 526 1803 eloquentiae
548 1751 693 1792 Cicero
717 1750 788 1791 tali
813 1751 924 1790 exitu
945 1755 963 1778 4
986 1750 1179 1805 pensavit.

220 1811 344 1852 XLI.
377 1814 461 1854 Sic
483 1829 661 1868 quoque,
683 1814 790 1868 quod
808 1814 977 1870 superest
998 1828 1047 1853 ex
1068 1814 1236 1867 antiquis
1260 1812 1482 1854 oratoribus
1502 1817 1546 1865 3,

156 1871 318 1925 forum,
343 1890 427 1917 non
454 1878 696 1928 emendatae,
736 1892 811 1918 nec
841 1878 1003 1931 usquam
1033 1877 1081 1917 ad
1107 1891 1247 1917 votum
1285 1877 1511 1933 composita:
1529 1906 1543 1928 2

159 1937 331 1979 civitatis
357 1954 633 1995 argumentum
666 1941 730 1982 est.
759 1942 861 1996 Quis
892 1942 999 1981 enim
1037 1955 1110 1981 nos
1138 1940 1310 1981 advocat
1330 1971 1344 1991 ,
1382 1940 1452 1980 nisi
1476 1954 1545 1982 aut

156 2076 196 2107 ad
221 2076 376 2114 Quintum
394 2077 532 2109 Fratrem
547 2101 556 2115 ‚
580 2081 633 2109 ΙΙΙ.
655 2080 710 2118 Ep.
733 2091 760 2109 z.
909 2084 924 2103 4
945 2080 1028 2110 ΤΛιι
1051 2091 1147 2111 muru
1167 2081 1182 2116 ]
1200 2079 1320 2111 Scelere
1338 2080 1471 2110 Antonii
1492 2089 1547 2119 pem

199 2121 207 2134 ¹
232 2117 424 2148 HISTRIONES
448 2119 730 2156 AunissUS]Melius
743 2119 830 2156 sane,
870 2127 1014 2157 remptus.
1041 2120 1121 2150 Vide
1146 2119 1302 2151 Velleium
1324 2120 1517 2152 Pater-culum
1534 2144 1545 2158 ,

155 2155 269 2184 auribus
288 2156 437 2194 histriones.
869 2159 915 2193 11,
933 2161 984 2188 66.

197 2200 208 2213 ’-
233 2196 421 2226 PATERETUR
447 2207 485 2226 ET
505 2208 595 2226 [acts
616 2199 629 2234 ]
654 2197 731 2227 Non
753 2197 830 2227 tanti
913 2203 920 2224 5
947 2199 1044 2235 QUOD
1067 2207 1219 2229 SUPEREST
1243 2209 1283 2229 Ex
1307 2208 1451 2235 Aurxours
1468 2211 1546 2229 orm-⁹

159 2232 217 2264 fuit
230 2235 405 2273 reipublicae
420 2236 540 2266 Tiberii
554 2237 586 2266 ὃ(
598 2236 665 2266 Caii
678 2236 832 2267 Graccho-
871 2247 1001 2267 ‘romans
1024 2239 1037 2275 ]
1054 2237 1170 2268 Forum
1184 2237 1298 2275 ipsum,
1316 2239 1401 2277 quod
1417 2239 1546 2277 superest

158 2282 226 2302 xum
249 2275 452 2313 eloquentia,
484 2283 517 2306 ut
539 2275 695 2306 seditiosas
722 2286 832 2307 eorum
871 2287 909 2306 ex
932 2276 1065 2315 antiquis
1090 2278 1284 2313 oratoribus,
1306 2288 1371 2308 non
1398 2279 1437 2308 est
1453 2289 1547 2316 argum

159 2311 240 2350 leges
257 2322 422 2351 pateretur.
871 2324 1011 2346 mentum
1024 2317 1193 2346 emendata:
1202 2318 1235 2347 &
1244 2317 1281 2346 ad
1295 2326 1404 2347 votum
1416 2327 1546 2354 compen

200 2356 209 2376 3
235 2352 301 2383 Ni-:c
323 2364 407 2383 nonar.
429 2355 442 2391 ]
460 2354 589 2390 Melius,
609 2364 658 2383 nec
677 2353 752 2383 bene.
773 2355 830 2386 Vi·
871 2354 930 2384 fitae
943 2355 1087 2386 civitatis,
1101 2356 1180 2388 Vide
1192 2358 1291 2389 Notas
1304 2355 1546 2390 &Emendatioa

159 2387 198 2419 de
216 2390 315 2423 Notas
333 2393 367 2426 ὃς
383 2394 625 2426 Emendationes
642 2404 709 2433 cap.
730 2404 782 2434 40.
872 2405 924 2426 nes
945 2395 983 2427 ad
1000 2405 1066 2435 cap.
1087 2406 1140 2435 4¹·
