1952 2708
101 829 150 854 10

99 1139 146 1178 15

91 1465 147 1491 20

402 163 734 205 DIALOGUS
767 161 851 201 DE
886 161 1322 207 ORATORIBUS.
1479 180 1557 218 153

183 244 320 301 'irrepit
340 273 353 294 ‚
395 247 435 283 ὅ(
466 243 524 282 sui
563 241 762 294 alienique
806 254 1075 297 contemptus.
1122 246 1209 286 Jam
1251 249 1346 288 veri)
1402 249 1563 304 propria

181 313 223 349 &
248 305 462 363 peculiaria
488 303 604 357 hujus
631 303 745 344 Urbis
772 305 869 344 vitia
896 319 1004 360 paene
1030 306 1070 343 in
1099 318 1213 346 utero
1239 312 1370 350 matris
1400 313 1564 367 concipi

179 372 279 411 mihi
300 370 487 410 videntur
504 399 515 418 ‚
538 366 774 408 histrionalis
795 367 909 408 favor
932 373 942 389 ¹
958 397 972 417 ,
1003 371 1041 408 ὃ(
1066 366 1332 421 gladiatorum
1355 386 1563 424 equorum-

180 449 258 488 que
284 433 428 474 studia:
465 431 606 485 quibus
634 444 854 487 occupatus
881 434 921 470 &c
948 430 1120 471 obsessus
1148 433 1301 473 animus
1326 436 1563 487 quantulum

180 496 266 538 loci
289 496 404 538 bonis
424 494 570 536 artibus
593 493 808 548 relinquit?
832 506 1000 548 quotum
1019 509 1216 548 quemque
1238 497 1436 538 inveneris
1453 527 1466 547 ‚
1494 501 1561 552 qui

181 561 293 601 domi
318 560 533 614 quidquam
551 557 658 599 aliud
681 556 897 611 loquatur?
925 573 1023 611 quos
1045 557 1144 598 alios
1170 557 1562 601 adolescentulorum

181 623 381 664 sermones
402 622 645 678 excipimus,
666 621 693 660 fi
713 621 872 674 quando
891 621 1087 662 auditoria
1105 622 1364 662 intravimus?
1383 624 1449 662 Ne
1473 640 1563 678 prae-

180 700 364 742 ceptores
388 686 548 740 quidem
569 683 669 725 ullas
691 684 908 726 crebriores
931 700 1022 725 cum
1042 683 1286 726 auditoribus
1308 685 1384 725 suis
1411 685 1563 728 fabulas

180 750 350 791 habent:
381 748 582 803 colligunt
605 749 713 788 enim
738 747 955 804 discipulos
980 764 1062 790 non
1082 749 1291 789 severitate
1314 748 1533 804 disciplinae
1550 778 1564 799 ,

181 828 257 854 nec
286 814 439 867 ingenii
471 814 777 869 experimento,
807 812 874 852 sed
908 811 1127 854 ambitione
1159 811 1415 853 salutantium
1446 816 1489 863 ²,
1525 816 1566 853 ὅ(

180 875 379 917 illecebris
409 876 662 917 adulationis.
689 875 868 915 Transeo
902 877 1028 930 prima
1058 876 1297 917 discentium
1330 874 1530 916 elementa
1550 906 1564 927 ,

179 942 222 983 in
249 938 389 993 quibus
414 943 455 980 ὃς
483 940 570 995 ipsis
608 953 745 994 parum
771 936 998 978 elaboratur
1031 956 1039 978 ;
1075 954 1150 980 nec
1173 941 1214 979 in
1242 939 1465 980 aquribus
1490 955 1563 980 co·

180 1002 417 1058 gnoscendis
434 1032 446 1053 ‚
475 1018 551 1043 nec
576 1003 616 1041 in
638 998 863 1042 evolvenda
886 1003 1120 1056 antiquitate
1136 1033 1148 1053 ‚
1173 1018 1249 1043 nec
1270 1004 1311 1043 in
1332 1003 1477 1043 notitia
1496 1001 1563 1044 vel

179 1081 309 1106 rerum
323 1096 336 1116 ,
354 1065 421 1106 vel
442 1067 653 1105 hominum
668 1094 680 1115 ,
703 1064 768 1105 vel
788 1077 1038 1121 temporum,
1062 1066 1152 1108 satis
1177 1081 1304 1122 operae
1326 1066 1560 1106 insumitur:

179 1129 245 1169 sed
280 1142 552 1185 expetuntur,
584 1142 682 1182 quos
721 1129 899 1168 rhetoras
940 1142 1090 1170 vocant
1124 1147 1132 1168 z
1168 1145 1337 1182 quorum
1377 1129 1562 1184 profeffio

178 1192 338 1246 quando
361 1194 531 1248 primum
559 1193 600 1231 in
620 1193 724 1231 hanc
744 1189 891 1232 Urbem
912 1192 1135 1232 immodum
1155 1192 1225 1242 fit,
1257 1207 1453 1246 quamque
1475 1190 1563 1232 nul-

177 1256 257 1296 lam
285 1256 390 1311 apud
414 1253 584 1307 majores
614 1254 767 1294 nostros
798 1255 1070 1295 aufiloritatem
1098 1254 1309 1307 habuerit,
1340 1256 1467 1296 statim
1490 1256 1563 1297 do-

178 1334 302 1360 cuero
330 1323 357 1358 ³.

240 1381 392 1422 XXX.
426 1382 659 1422 REFERAM
694 1380 847 1422 necesse
875 1383 927 1422 est
962 1381 1141 1422 animum
1174 1381 1223 1422 ad
1261 1394 1346 1420 eam
1381 1380 1563 1436 discip112

179 1461 297 1495 nam,
325 1443 400 1499 qua
425 1445 517 1486 usos
543 1445 620 1485 effe
646 1460 714 1486 eos
743 1459 920 1486 oratores
947 1446 1176 1501 acecpimus
1193 1475 1204 1494 ,
1231 1458 1399 1497 quorum
1426 1445 1563 1483 infini-

178 1523 239 1550 tus
262 1507 399 1559 labor,
425 1511 465 1548 ὃς
488 1508 718 1562 quotidiana
739 1509 972 1558 meditatio,
997 1512 1037 1549 ὃ(
1059 1510 1100 1548 in
1122 1508 1232 1548 omni
1252 1521 1398 1560 genere
1421 1507 1562 1546 studio-

176 1587 266 1613 rum
290 1573 595 1613 exercitationes
610 1601 623 1621 ‚
650 1571 825 1627 ipsorum
848 1573 967 1612 etiam
994 1572 1253 1613 continentur
1276 1569 1400 1610 libris.
1425 1572 1561 1610 Notus

178 1636 233 1676 est
254 1634 368 1675 nobis
394 1636 531 1688 utique
555 1634 764 1675 Ciceronis
792 1634 917 1685 liber,
939 1636 1007 1689 qui
1029 1635 1174 1675 Brutus
1196 1640 1213 1663 4
1235 1632 1488 1681 inscribitur,
1520 1634 1563 1673 in

179 1696 291 1748 cujus
313 1697 488 1738 extrem&
506 1710 614 1753 parte
623 1727 636 1747 ,
656 1701 668 1747 (
688 1713 777 1738 nam
799 1699 905 1753 prior
926 1698 1355 1738 commemorationem
1380 1709 1559 1736 veterum

179 1775 382 1802 oratorum
417 1760 537 1801 habet
563 1764 574 1810 )
601 1761 669 1801 sua
698 1761 810 1800 initia
828 1791 839 1810 ‚
869 1761 957 1801 suos
996 1762 1166 1816 gradus,
1210 1761 1284 1800 suae
1323 1757 1562 1812 eloquentia:

178 1823 289 1871 velut
315 1824 525 1879 quamdam
557 1824 840 1866 educationem
873 1824 1016 1867 refert:
1044 1825 1083 1866 se
1115 1823 1220 1881 apud
1246 1825 1300 1878 Q.
1328 1822 1517 1863 Mucium
1545 1825 1558 1853 5

929 1984 938 2004 3
955 1979 1074 2009 Srmm
1090 1975 1255 2012 DOCUERO]
1264 1972 1344 2003 Vide
1355 1969 1433 2000 infra
1442 1975 1564 2007 cap.35‚

926 2023 940 2041 4
962 2020 1088 2048 Bauws
1109 2013 1329 2048 mscmssirua]
1347 2010 1447 2040 Exstat
1461 2007 1562 2038 adhue

888 2057 968 2087 liber
995 2056 1148 2095 optimus,
1166 2065 1223 2084 nec
1244 2060 1389 2090 umquam
1406 2047 1473 2078 satis
1492 2047 1561 2076 lau-

221 1982 230 1996 1
252 1977 476 2008 H1srn10mns
502 1980 634 2016 FAVOR]
663 1978 726 2016 Qui
743 1979 849 2009 Romae

179 2015 308 2054 vigebat
324 2017 469 2047 maxime.
490 2019 564 2047 Inde
577 2019 738 2048 Petronius
753 2018 784 2047 in
795 2020 849 2048 Sa-

182 2056 285 2094 tyrico
296 2079 305 2093 ‚
321 2066 387 2094 cap.
400 2066 416 2095 5
426 2057 608 2093 ,studiosum
621 2058 769 2095 juvenem
778 2067 849 2088 mo-

181 2104 255 2133 net,
890 2097 1006 2126 dandus
1029 2094 1238 2133 legendusque
1258 2115 1267 2128 ‚
1288 2088 1483 2134 qni-Brutus,
1509 2086 1562 2117 seu

416 2137 483 2160 Neve
502 2135 593 2167 plaufizr
608 2135 711 2166 insceni
889 2135 920 2164 de
935 2135 1018 2163 claris
1035 2132 1199 2162 Oratoribus
1212 2156 1220 2169 ‚
1236 2130 1421 2161 inscribitur.
1497 2164 1502 2169 ,

214 2169 300 2194 Sedent
316 2171 443 2203 redemptus
455 2169 578 2201 histrioniae
588 2169 699 2193 adimus.
929 2180 937 2201 5
963 2177 1002 2212 Q
1028 2174 1162 2204 MUCWM
1178 2173 1191 2208 ]
1233 2169 1386 2208 Quintum
1421 2166 1561 2196 Mucium

220 2223 231 2236 ²
256 2223 434 2251 ΑΜΒιτιοΝιῑ
461 2230 679 2250 3,-κιυτΑΝτιυΜ
705 2221 718 2257 ]
741 2218 821 2249 Male
841 2241 850 2254 ‚
888 2214 1059 2244 Scaevolam
1080 2224 1088 2250 ;
1124 2213 1161 2242 de
1188 2221 1252 2255 quo
1269 2210 1407 2251 Clcetoy
1428 2204 1460 2249 {fe
1477 2203 1561 2270 (llll-ys

170 2258 365 2296 salutantium.
393 2260 519 2298 Optime
542 2259 709 2289 emendant
735 2258 850 2288 Acida..
891 2254 972 2283 Orat.
992 2263 1057 2291 cap.
1079 2255 1117 2288 89
1131 2275 1139 2288 ,
1168 2249 1228 2289 Ego
1249 2258 1335 2277 aurem
1351 2271 1359 2282 ‚
1383 2254 1456 2284 juris
1470 2253 1522 2271 cni
1537 2251 1562 2270 ις

182 2297 256 2333 lius,
272 2299 409 2330 Schelius
431 2301 464 2330 ὃ(
484 2297 624 2328 Schultin
649 2298 694 2327 ius
712 2322 721 2334 ‚
736 2298 850 2336 saluta-
881 2292 970 2332 studio
982 2316 990 2326 ‚
1003 2291 1114 2321 multam
1132 2299 1218 2326 operae
1239 2287 1337 2331 dahargz
1352 2281 1538 2328 Q·.Ssff³'⁰.lae
1550 2303 1560 2316 ,

180 2335 293 2366 tionum.
307 2340 509 2376 Praeceptores
522 2337 606 2368 enim
631 2338 792 2367 alutabant
802 2347 851 2373 pa·
890 2331 963 2362 P.F.
976 2332 1303 2373 Memoraturqquoque
1319 2337 1350 2370 in
1364 2322 1474 2362 D1gest.
1490 2321 1560 2349 hbro

182 2384 303 2413 rentes,
323 2377 426 2407 liberis
439 2378 643 2409 adulabantur
654 2400 664 2416 ,
677 2376 778 2416 sicque
793 2375 851 2407 dis·
889 2374 912 2401 l.
929 2372 993 2401 Tit.
1015 2382 1043 2414 2:
1071 2370 1108 2400 de
1125 2371 1254 2407 Origme
1279 2368 1357 2397 Jurls
1369 2388 1377 2402 ‚
1390 2364 1464 2401 Leg.
1476 2371 1503 2390 2·
1524 2368 1563 2388 ex

182 2413 302 2454 cipulos
316 2416 517 2456 colligebant.
891 2413 1066 2451 Pomponio
1078 2433 1088 2448 ‚
1108 2418 1192 2442 num.
1209 2417 1258 2448 45.

306 2476 412 2520 Tom.
452 2479 549 2523 IV⁹
1328 2466 1367 2505 V
