1952 2708
411 171 594 214 LIBRI
634 170 900 212 SEPTIMI
947 169 1320 212 ANNALIUM.
1473 173 1559 220 283

174 250 518 303 dominationem,
547 253 590 292 in
623 252 759 302 suam,
788 249 949 304 ejusque
978 251 1210 300 auriioruni,
1238 252 1394 291 ruinam
1419 264 1562 305 verge-
1585 263 1700 278 ἓ·-

173 331 241 366 re,
270 316 497 371 Principem
513 345 527 366 ,
556 329 675 369 quem
701 328 762 356 ter
782 315 904 354 morti
933 318 943 335 ¹
962 341 976 363 ,
1005 313 1227 368 imperante
1253 313 1447 364 Tiberio,
1477 312 1562 353 sub·
1585 303 1702 328 λψς·

173 379 366 429 duxerat,
395 383 436 419 ὅ(
464 379 622 419 summae
649 380 706 419 rei
740 379 1002 426 admoverat,
1031 375 1349 426 moderationis,
1385 375 1562 417 clemen-
1605 360 1680 432 ζῗ

171 442 265 491 tiae,
296 443 554 483 humanitatis
584 441 788 484 monebat.
819 440 1024 489 Consilia,
1054 453 1104 479 ne
1131 440 1173 478 in
1197 438 1337 479 Silano
1364 440 1525 492 quidem
1548 467 1562 490 ,
1620 456 1670 492 38-

123 515 146 556 5
173 504 315 545 socero
332 534 344 555 ,
375 510 414 546 ὃς
442 519 613 562 expertae
640 507 825 556 virtutis,
855 503 1053 552 tolerata,
1085 502 1125 542 in
1159 502 1357 542 Macrone
1378 531 1391 551 ,
1435 517 1564 556 quon-

172 567 263 608 dam
288 568 577 610 adulteriorum
602 569 789 619 suasore,
826 581 938 609 erant
965 566 1090 620 magis
1121 565 1260 605 invisa.
1290 564 1563 607 Dissimulavit

171 644 308 672 tamen
336 633 462 673 Caesar
482 663 496 683 ,
528 634 672 673 veteris
701 633 832 687 gratiae
856 645 1011 671 memor
1029 659 1040 678 ,
1071 643 1120 668 an
1146 629 1345 684 praetorias
1374 629 1562 670 cohortes

169 696 321 735 veritus
348 699 362 716 ²
389 713 396 736 :
421 710 546 746 mox,
576 708 619 736 ut
653 694 770 735 illum
795 693 1019 735 honorifice
1047 705 1258 742 amoveat,
1290 692 1513 746 AEgyptum
1547 697 1563 731 ³,

170 758 209 797 ei
238 757 415 800 destinat.
444 759 500 799 At
529 762 619 799 cum
656 759 760 815 apud
788 759 994 814 Principes
1025 756 1155 810 gravis
1190 755 1235 796 fit
1269 753 1562 794 beneficiorum

97 832 147 859 10
172 822 390 872 memoria,
414 826 453 863 ὃ(
478 821 674 863 scelerum
700 823 791 863 odia
812 822 965 877 semper
985 831 1192 869 maneant,
1216 819 1255 859 se
1278 817 1439 858 tandem
1460 818 1562 872 grati

171 885 317 940 pariter
348 890 387 926 ὅ(
416 884 556 926 infensi
582 887 702 926 animi
732 883 931 934 absolvit,
960 887 1000 924 ἄ
1027 883 1218 922 Macroni
1242 882 1466 936 supremam
1492 894 1563 920 ne-

172 947 387 988 ceffitatem
421 949 579 989 indixit.
621 949 799 989 Uxorem
827 946 911 999 ejus
937 946 1108 986 Enniam
1136 975 1149 995 ,
1193 944 1260 984 fibi
1292 958 1427 984 amore
1446 973 1458 993 ,
1490 959 1563 983 an-

171 1024 332 1064 tequam
361 1012 648 1053 dominationis
673 1013 869 1067 potiretur
893 1040 906 1061 ,
934 1008 1143 1063 inligatam
1167 1013 1185 1036 4
1217 1037 1229 1057 ,
1268 1006 1381 1046 simul
1416 1021 1562 1063 percu-

172 1071 220 1114 lit
255 1090 263 1113 :
296 1073 429 1116 excisa
455 1089 614 1130 quoque
647 1074 786 1116 sobole
810 1079 853 1125 5,
885 1086 930 1113 ut
957 1071 1059 1113 nihil
1086 1071 1230 1112 odiosae
1259 1071 1401 1111 domus
1426 1070 1562 1126 super-

98 1146 144 1186 15
175 1136 281 1177 effer.

235 1199 416 1242 XXXI.
449 1202 729 1242 HACTENUS
758 1200 798 1240 in
827 1201 1008 1256 privata,
1054 1212 1162 1238 nunc
1204 1197 1244 1236 in
1283 1194 1444 1252 publica
1481 1195 1561 1237 fata

171 1262 304 1304 saevire
333 1266 484 1320 coepit,
515 1277 560 1303 ut
591 1265 795 1305 exhaustas
825 1278 920 1318 opes
951 1262 1144 1302 reficeret.
1180 1259 1440 1300 Senatoribus
1478 1275 1562 1300 ma-

169 1327 288 1379 xime
306 1325 323 1348 ⁶
352 1343 398 1367 ac
422 1326 613 1368 ditissimis
641 1327 860 1381 quibusque
897 1324 1108 1373 incubuit,
1139 1324 1180 1363 in
1219 1337 1288 1363 eos
1305 1353 1317 1372 ‚
1350 1323 1462 1363 ficuti
1488 1324 1560 1364 Se-

168 1386 250 1441 jani
278 1388 471 1441 clientes,
502 1391 634 1431 matris
666 1391 909 1443 fratrumque
940 1387 1098 1428 suorum
1129 1384 1327 1426 delatores
1357 1386 1558 1426 iiivectus:

91 1463 146 1492 20
170 1451 338 1507 protulit
373 1451 562 1504 libellos,
593 1469 692 1508 quos
730 1453 821 1494 ante
863 1464 1059 1493 crematos
1098 1447 1348 1489 simulaverat
1379 1454 1392 1476 ⁷
1420 1466 1427 1488 :
1454 1463 1560 1488 mor-

169 1514 344 1569 bumque
376 1513 389 1537 8
406 1547 418 1567 ,
449 1531 528 1571 quo
556 1517 683 1558 fuerat
708 1517 909 1572 superiore
936 1528 1042 1555 anno
1068 1512 1346 1562 conflic'tatuQ
1378 1511 1560 1568 plurimis

170 1579 211 1618 in
235 1580 386 1619 crimen
411 1581 553 1636 capitis
582 1581 796 1621 convertit.
819 1577 970 1619 Nullus
997 1575 1272 1631 cognoscendi
1295 1575 1409 1615 ordo.
1433 1575 1560 1614 Dam-

171 1642 254 1682 nati
292 1645 331 1682 δί
364 1643 613 1694 indemnati,
646 1641 859 1700 publicatis
895 1641 1010 1682 bonis
1035 1670 1048 1690 ,
1084 1637 1198 1679 simili
1240 1637 1331 1679 casu
1365 1639 1560 1694 prostrati.

171 1790 239 1818 Fag-
253 1790 316 1819 997
337 1780 371 1812 δί
396 1780 480 1820 seqq.
500 1782 628 1811 Breviits
649 1781 733 1817 Dio,
759 1782 842 1812 LIX.
923 1786 930 1806 5
961 1781 1079 1811 Excxsvx
1110 1790 1236 1815 QUOQUE
1259 1788 1376 1808 sonore
1404 1779 1417 1814 ]
1441 1776 1533 1807 Philo
1549 1801 1560 1814 ,

171 1829 240 1858 Pag-
266 1823 337 1857 647.
365 1821 470 1850 Paucis
498 1822 664 1852 Suetonius
687 1821 720 1850 in
740 1821 843 1858 Gaio,
882 1819 960 1849 lbld.
990 1822 1019 1851 0'
1051 1820 1160 1857 Μάκρων
1179 1818 1316 1848 oramina&
1336 1817 1431 1855 ιέρευτο,
1458 1816 1559 1845 JWacro

170 1859 283 1888 XXVI.
305 1858 378 1888 Leve
397 1870 429 1888 ac
441 1859 577 1898 frigidum
595 1860 636 1900 Jit
653 1861 696 1890 his
715 1859 814 1889 addere
833 1884 842 1897 ‚
883 1868 940 1886 cnm
959 1858 1082 1887 omnihus
1101 1857 1250 1896 domesticis
1266 1855 1399 1884 maffitzrus
1410 1855 1453 1894 est.
1470 1856 1559 1886 Idem

171 1897 387 1935 quopropinquos
396 1900 542 1937 amicosslue
551 1900 628 1936 paflo
641 1899 843 1930 simulaverim...
883 1897 971 1928 Philo
985 1921 994 1934 ,
1019 1897 1051 1927 in
1070 1898 1237 1933 Flaccum,
1258 1905 1323 1934 pag.
1343 1899 1414 1934 967.
1434 1895 1561 1926 πανοίκιος

169 1937 199 1965 in
212 1936 589 1976 I'1‘fml'5iJ7fi1mMacronem,
606 1940 689 1978 ipfilllz
704 1939 844 1974 Enniam,
883 1941 946 1970 αὐτῆ
965 1952 1062 1973 ‘summi
1085 1938 1126 1973 κμγ’
1146 1937 1236 1967 γέν-’.αις
1262 1936 1448 1973 συναναιρεθές.
1468 1934 1562 1963 Exci-

169 1974 309 2020 adjutores
327 1977 451 2014 imperii,
474 1978 568 2016 quibus
585 1978 708 2008 omnibus
728 1989 776 2014 pro
796 1989 845 2006 ηε-
874 1973 999 2015 fics'unJ*
1017 1987 1075 2005 cum
1094 1987 1176 2005 uxore
1194 1985 1273 2014 arque
1291 1973 1394 2004 liberir.

171 2014 336 2054 cefficudinir
350 2017 431 2054 jure,
460 2027 558 2055 proque
576 2018 729 2048 meritorum
748 2018 845 2057 grati-‘i
920 2018 933 2035 ⁶
954 2018 1171 2046 Samromssus
1194 2025 1322 2044 ΜΑΧΙΜΕ
1340 2016 1352 2051 ]
1377 2014 1447 2043 Haec
1465 2013 1499 2043 &
1518 2012 1560 2043 se-

171 2063 285 2083 cruenta
301 2065 372 2084 mors
384 2055 515 2093 perfidum
534 2056 579 2094 egli.
884 2055 1012 2094 quentia
1029 2058 1157 2085 Sueton.
1178 2054 1211 2083 in
1229 2053 1308 2084 Caio
1323 2075 1332 2089 ‚
1355 2054 1454 2083 XXX.
1476 2052 1559 2089 Dio,

210 2099 218 2112 ¹
242 2095 311 2125 TER
333 2105 437 2126 MORTI
455 2096 470 2131 ]
493 2095 604 2133 Philo,
626 2095 687 2126 loc.
705 2095 760 2126 cit.
776 2105 844 2134 pag.
885 2096 968 2124 LIX.
995 2105 1064 2133 pag.
1084 2098 1156 2131 648.

176 2143 266 2163 1000·
923 2139 934 2158 7
959 2134 1136 2164 CREMATQS
1167 2142 1395 2163 smvmvram·
1420 2131 1434 2168 ]
1464 2131 1559 2172 Supra

212 2177 225 2190 ²
256 2174 444 2204 Pizffirorzms
473 2183 634 2205 cononrrs
665 2184 799 2205 vrum-us
831 2175 844 2210 ]
886 2183 953 2210 cap.
977 2175 1006 2202 8.

175 2211 293 2248 Quibus
313 2212 466 2251 praefectus
490 2222 554 2243 erat
570 2214 675 2242 Macro
690 2236 698 2249 ‚
716 2221 750 2242 ut
762 2212 846 2242 dixi·
926 2213 937 2231 3
960 2212 1168 2246 il'ionnunour
1185 2212 1197 2248 ]
1221 2209 1252 2239 Si
1268 2208 1335 2248 quis
1360 2209 1443 2239 enim
1456 2232 1464 2245 ‚
1486 2208 1561 2238 dum

175 2251 281 2280 musin
292 2252 624 2290 Supplemcnt.Annal.
638 2255 663 2282 V
676 2276 684 2287 ‚
701 2263 738 2289 34
752 2252 785 2282 δε
799 2255 847 2288 36.
888 2251 979 2281 Caius
998 2252 1111 2281 morbo
1124 2274 1133 2288 ‚
1155 2259 1188 2280 ut
1203 2249 1318 2278 dietum
1335 2248 1375 2278 est
1391 2249 1477 2286 supra
1495 2258 1560 2286 cap.

217 2295 226 2315 3
249 2292 413 2321 AEorprum
432 2293 445 2328 ]
468 2291 631 2331 Equitibus
648 2291 798 2321 Romanis
814 2290 848 2320 il-
892 2301 916 2319 1.
940 2289 1096 2320 laboravit
1115 2313 1123 2325 ,
1144 2289 1282 2328 aliquem
1303 2288 1457 2318 convivio
1471 2298 1562 2317 exce-

175 2327 314 2359 lustribus
336 2330 508 2369 sepositam.
534 2331 645 2361 Annal.
666 2332 714 2365 ΙΙ,
739 2341 788 2369 59.
888 2329 973 2367 piss‘et
999 2353 1007 2364 ,
1039 2337 1090 2359 aut
1119 2327 1289 2363 salutasset,
1318 2335 1371 2357 aut
1393 2327 1454 2366 ipse
1475 2326 1563 2355 lavis-

217 2371 231 2390 4
252 2368 426 2399 ΙΝιιοΑτΑΜ
447 2375 456 2404 ]
479 2371 526 2400 De
553 2370 598 2400 his
627 2370 712 2407 supra
734 2369 847 2398 Annal.
888 2369 931 2398 set
948 2392 956 2405 ‚
983 2367 1016 2397 id
1043 2368 1168 2398 crimini
1194 2367 1334 2397 dabatur.
1366 2367 1427 2397 Dio
1447 2389 1458 2404 ,
1480 2366 1563 2394 LIX.

178 2406 220 2437 VI
233 2429 241 2443 ‚
257 2416 305 2446 45.
317 2409 480 2440 Suetonius
492 2419 618 2449 quoque
630 2409 662 2439 in
675 2408 767 2447 Caio,
781 2410 848 2439 XII.
889 2418 956 2447 pag.
977 2409 1049 2446 648.

1223 2469 1305 2508 Nn
1342 2464 1367 2516 ij
