1952 2708
415 160 496 197 160
672 149 720 189 C.
768 145 1172 192 ,CORNELII
1221 144 1504 189 TACITI

465 231 661 274 XXXV.
695 230 769 270 AT
791 245 899 271 nunc
918 228 1208 270 adolescentuli
1229 231 1348 270 nostri
1371 230 1623 271 deducuntur
1640 229 1681 271 in
1704 228 1783 273 sce<

402 313 470 339 nas
492 295 819 338 scholasticorum
844 300 853 316 ¹
871 324 884 345 ,
910 295 976 347 qui
994 295 1171 334 rhetores
1194 307 1411 334 vocantur:
1437 309 1535 347 quos
1557 293 1694 351 paullo
1719 310 1784 335 an-

401 376 442 403 te
464 360 674 402 Ciceronis
695 371 877 414 tempora
897 361 912 377 ²
934 357 1137 406 exstitisse,
1161 370 1237 396 nec
1258 355 1443 411 placuisse
1462 356 1677 409 majoribus
1698 358 1784 398 nos-

401 427 470 466 tris
494 455 507 475 ,
537 438 587 464 ex
613 438 662 463 eo
694 421 944 462 manifestum
973 421 1054 469 est,
1086 419 1222 472 quod,
1252 419 1300 459 L.
1328 419 1461 458 Craffo
1489 424 1529 460 ὅ(
1561 421 1778 461 Domitio³

402 486 633 530 censoribus
650 484 840 536 ,cludere
856 515 868 534 ,
888 497 931 524 ut
959 484 1013 523 ait
1027 482 1173 522 Cicero
1189 511 1202 531 ,
1227 481 1366 522 ludum
1386 483 1639 538 impudentiae
1661 489 1678 512 4
1698 482 1782 535 juffi

400 552 504 592 sunt.
534 550 642 599 Sed,
681 562 724 589 ut
757 549 889 588 dicere
917 547 1187 595 institueram,
1226 545 1478 586 deducuntur
1513 547 1553 586 in
1585 545 1741 587 scholas
1768 576 1782 596 ,

401 613 542 669 quibus
558 643 571 664 ,
599 627 681 652 non
708 610 827 652 facile
854 611 1050 660 dixerim,
1076 622 1263 649 utrumne
1289 609 1403 650 locus
1425 610 1530 665 ipse,
1558 625 1607 650 an
1628 610 1782 650 condis-

401 675 553 733 cipuli,
577 691 626 716 an
647 689 772 730 genus
795 674 1009 714 studiorum
1035 671 1122 728 plus
1146 670 1240 712 mali
1265 674 1436 727 ingeniis
1460 673 1650 714 adferant.
1674 675 1783 714 Nam

399 743 442 782 in
467 740 562 780 loco
587 737 687 777 nihil
713 738 967 786 reverentisc,
998 736 1064 776 sed
1089 737 1129 775 in
1151 751 1267 790 quem
1297 751 1416 776 nemo
1443 737 1512 776 nifi
1535 737 1641 791 aeque
1662 738 1785 793 impe-

400 806 498 844 ritus
520 805 651 842 intrat.
678 800 725 839 In
745 799 1032 855 condiscipulis
1057 798 1157 838 nihil
1185 799 1406 854 profefiffis,
1433 802 1523 840 cum
1546 801 1658 855 pueri
1680 802 1783 841 inter

401 881 543 924 pueros
558 895 569 914 ‚
599 868 639 904 ὅ(
665 862 955 904 adolescentuli
978 865 1080 903 inter
1100 862 1445 912 adolescentulos,
1469 865 1552 918 pari
1573 863 1784 903 securitate

400 935 443 971 &
473 930 607 969 dicant
623 957 634 977 ‚
660 931 703 967 &
728 927 949 967 audiantur.
978 926 1073 982 Ipsae
1099 927 1195 966 vero
1221 927 1529 967 exercitationes
1564 924 1707 981 magna
1733 940 1785 966 ex

401 1007 511 1050 parte
544 991 762 1032 contrarias.
793 991 953 1046 Nempe
980 991 1085 1029 enim
1120 989 1200 1029 duo
1229 1005 1375 1043 genera
1401 991 1654 1030 materiarum
1681 989 1785 1046 apud

400 1058 579 1096 rhetores
603 1055 844 1103 traciamur,
874 1053 1078 1102 suasoriae,
1111 1056 1150 1092 &c
1179 1053 1453 1093 controversiae
1481 1058 1508 1093 5.
1538 1053 1600 1092 Ex
1621 1054 1668 1094 iis
1698 1054 1785 1093 sua-

401 1119 511 1159 soriae
539 1117 699 1171 quidem
715 1147 727 1167 ,
755 1117 822 1157 etsi
845 1130 1045 1170 tamquam
1067 1113 1185 1170 plane
1205 1114 1376 1156 leviores
1398 1120 1437 1156 ὃ(
1459 1117 1588 1157 minus
1618 1116 1786 1172 pruden-

400 1183 463 1222 tiae
491 1182 698 1236 exigentes
714 1210 725 1230 ,
755 1181 885 1235 pueris
911 1178 1172 1233 delegantur3
1199 1179 1474 1219 controversiae
1500 1178 1784 1221 robustioribus

399 1245 677 1299 adsignantur,
705 1242 840 1297 quales
866 1257 934 1298 per
960 1243 1078 1283 fidem
1101 1241 1143 1291 ⁶,
1168 1245 1206 1282 ὃ(
1228 1241 1344 1295 quam
1366 1241 1652 1282 incredibiliter
1674 1258 1786 1284 com-

402 1309 556 1366 positae!
587 1307 775 1361 Sequitur
810 1319 943 1347 autem
978 1319 1022 1346 ut
1051 1306 1222 1346 materia:
1237 1335 1250 1357 ‚
1286 1304 1515 1347 abhorrenti
1539 1321 1560 1347 a
1585 1307 1783 1357 veritate,

445 1460 453 1472 ¹
484 1456 600 1484 Seruis
633 1461 914 1482 senensi-iconum
944 1452 959 1489 ]
993 1453 1076 1482 Bene
1117 1459 1175 1489 quae
1192 1450 1289 1480 liberos
1303 1451 1370 1490 filos
1388 1450 1506 1488 discere,
1531 1451 1561 1480 &a
1579 1461 1644 1490 quos
1663 1451 1691 1481 in
1710 1451 1786 1481 latios

403 1492 524 1531 Lipsius
538 1503 544 1521 ε
561 1491 686 1530 Apptylte'
696 1492 797 1529 scenas
812 1490 931 1526 appellat
944 1515 953 1527 ‚
973 1491 1032 1519 loca
1048 1492 1076 1520 in

402 1532 498 1571 quibus
518 1531 620 1568 fucata
646 1530 695 1559 illa
717 1529 746 1558 θ’
764 1530 907 1569 persanata
926 1530 1076 1570 eloquentia

402 1580 545 1601 exercetur
560 1570 632 1600 velut
646 1580 694 1606 per
706 1568 800 1608 lufitm.

445 1615 455 1627 ²
481 1612 655 1641 CicERONIS
693 1619 839 1639 TEMPORA
866 1610 881 1646 ]
925 1609 1077 1640 Rhetores

403 1650 506 1680 Roma
536 1648 611 1689 pulsi
650 1648 719 1678 sunt
740 1648 866 1679 Valerio
892 1649 1016 1679 Mess'ala
1042 1647 1078 1680 ¹&

401 1689 529 1720 Fannio
556 1688 730 1723 Strabone,
760 1687 962 1726 consulibus,
992 1699 1076 1719 anno

405 1731 440 1759 U.
454 1730 490 1759 C.
514 1739 618 1758 Dxcm
632 1751 641 1763 ‚
663 1726 781 1758 Gellius
797 1728 853 1756 XV
867 1750 876 1763 ,
903 1737 947 1757 11.
978 1729 1078 1758 Natus

403 1769 445 1798 est
473 1769 549 1798 vero
576 1766 700 1797 Tunius
714 1790 722 1802 ‚
754 1768 792 1803 Q.
814 1765 963 1804 Caepione
982 1768 1016 1798 ὃς
1038 1770 1077 1804 Q.

404 1812 536 1838 Serrano
564 1830 573 1843 ,
606 1806 783 1836 consulibus
815 1827 824 1841 ‚
863 1816 947 1836 anno
973 1809 1008 1837 U.
1041 1809 1077 1837 C.

405 1857 579 1883 ncxrvur,
608 1846 680 1876 teste
700 1845 814 1876 eodem
834 1845 941 1876 Gellio
960 1869 970 1883 ‚
994 1847 1053 1877 XV
1067 1869 1076 1884 ‚

404 1889 456 1917 28.

447 1931 456 1952 3
483 1926 521 1954 L.
547 1926 672 1956 Cimsso
705 1935 742 1955 nr
766 1925 950 1961 DOMITIO]
983 1925 1077 1954 Anno

405 1966 443 1994 U.
475 1966 512 1994 C.
544 1975 655 1994 Dchn
686 1964 827 1994 censores
853 1963 938 1994 fuere
962 1964 1077 1993 Lucius

406 2003 548 2034 Licinius
574 2003 690 2033 Crassus
715 2003 749 2034 ὃ(
775 2002 890 2033 Cneius
920 2002 1078 2033 Domitius

406 2043 649 2072 Ahenobarbus:
664 2053 798 2081 quorum
818 2042 970 2072 memoria
985 2042 1079 2072 exstat

406 2081 439 2111 in
470 2081 603 2112 nummis
635 2080 760 2111 familiae
798 2081 948 2112 Domitiae
977 2104 986 2117 ‚
1039 2083 1077 2111 L.

405 2122 505 2153 LIC.
530 2122 606 2150 CN.
630 2121 804 2150 DOMIT.
828 2122 943 2152 Eorum
970 2121 1077 2151 decre-

405 2168 472 2190 tum
497 2161 534 2190 de
556 2160 730 2190 rhetoribus
762 2160 857 2190 refert
882 2160 1048 2191 Suetonius
1068 2183 1077 2196 ‚

406 2200 445 2229 de
469 2200 540 2229 clar.
563 2199 652 2228 Rhet.
679 2210 745 2238 cap.
776 2210 800 2228 1.
830 2199 1027 2228 Renuntiatum
1044 2199 1079 2238 est

405 2238 483 2267 nobis
510 2238 556 2276 effe
580 2238 721 2275 homines,
737 2238 781 2277 qui
801 2248 896 2267 novum
913 2248 1002 2278 genuit
1024 2237 1078 2277 dis-

405 2277 515 2313 ciplinae
537 2276 708 2315 instituerunt
731 2290 740 2305 .·
761 2276 797 2305 ad
822 2288 886 2316 quos
906 2279 1036 2315 juventus
1049 2278 1076 2306 in

405 2316 483 2346 ludos
512 2316 655 2344 conveniat
674 2329 682 2343 .·
707 2316 813 2355 eorstbi
825 2328 920 2345 nomen
937 2318 1078 2356 inzptfizzffe

407 2356 526 2389 Latinos
546 2355 667 2384 rhetoras
690 2368 699 2382 :
725 2355 762 2384 ibi
786 2356 905 2385 homines
919 2356 1077 2394 adulescen-

1116 1491 1188 1519 itare
1216 1490 1315 1519 vellent
1333 1514 1342 1527 ,
1380 1491 1561 1529 instituerunt.
1591 1490 1658 1520 Haec
1689 1500 1759 1519 nova
1776 1515 1787 1529 ‚

1117 1540 1175 1568 quae
1196 1540 1298 1566 praeter
1314 1529 1526 1568 conficetudinem
1545 1539 1578 1559 ac
1595 1540 1690 1559 morem
1704 1531 1788 1568 majo-

1117 1579 1175 1598 rum
1180 1568 1260 1607 fiunt
1272 1593 1280 1605 ,
1302 1579 1385 1608 neque
1401 1569 1510 1606 placent
1524 1593 1534 1607 ‚
1554 1579 1638 1608 neque
1653 1568 1725 1598 reffla
1742 1570 1789 1599 vi—

1117 1608 1226 1639 dentur.
1249 1608 1424 1648 Quapropter
1459 1609 1488 1638 ὓ·
1517 1609 1554 1638 iis
1582 1609 1626 1648 qai
1647 1618 1692 1638 eos
1712 1608 1790 1638 ludos

1117 1647 1236 1685 habent,
1254 1648 1284 1677 [r
1299 1649 1334 1678 iis
1362 1648 1390 1677 ui
1410 1650 1439 1678 εὐ
1456 1649 1550 1678 venire
1570 1649 1762 1688 conficeverunt
1776 1672 1786 1686 ‚

1117 1687 1224 1717 videtur
1237 1659 1399 1725 facientium
1416 1712 1425 1726 ‚
1442 1697 1471 1717 ut
1485 1687 1653 1728 ostendamus
1669 1687 1784 1726 nostram

1108 1727 1299 1766 sententiam,
1323 1727 1412 1757 Nobis
1435 1738 1489 1757 non
1509 1727 1628 1764 placere.
1653 1727 1733 1758 Vide
1752 1728 1788 1759 ὃ(

1119 1767 1257 1798 Gellium
1269 1790 1278 1803 ,
1303 1768 1360 1798 XV
1371 1790 1381 1804 ‚
1408 1778 1417 1795 1
1430 1777 1454 1796 1.

1156 1811 1171 1830 4
1191 1808 1312 1837 Lunum
1339 1807 1567 1843 mennam-rm]
1588 1805 1700 1836 Cicero
1717 1805 1787 1836 libr.

1116 1847 1159 1874 111
1185 1846 1223 1875 de
1245 1848 1378 1876 Oratore
1396 1869 1406 1882 ‚
1435 1855 1498 1884 cap.
1518 1856 1580 1883 94,
1603 1845 1788 1875 L.Crass'um

1116 1884 1172 1915 hac
1189 1885 1226 1915 de
1248 1895 1279 1915 re
1300 1884 1343 1914 ita
1361 1885 1545 1923 loquentem
1560 1884 1681 1915 inducit
1705 1895 1712 1914 :
1731 1884 1789 1913 Hos

1115 1926 1176 1952 verti
1184 1934 1268 1953 novos
1280 1924 1420 1963 magistros
1432 1924 1510 1953 nihil
1527 1923 1712 1963 intelligebam
1721 1923 1790 1963 poffe

1116 1962 1209 1992 docere
1221 1986 1230 1999 ‚
1249 1962 1300 2003 nili
1318 1972 1346 1992 ut
1360 1962 1491 1992 auderent
1507 1975 1516 1991 .·
1532 1962 1600 2002 quod
1613 1987 1622 2001 ‚
1635 1963 1718 1992 etiam
1729 1973 1788 1991 cum

1115 2002 1193 2032 bonis
1219 2002 1298 2031 rebus
1325 2002 1493 2040 conjune‘lum
1512 2025 1521 2037 ,
1552 2013 1601 2039 per
1618 2002 1735 2042 fi‘ipfitm
1753 2001 1789 2041 est

1115 2052 1277 2082 magnopere
1285 2041 1458 2082 fugiendum.
1490 2041 1547 2071 Hoc
1564 2043 1623 2071 cum
1635 2052 1716 2071 unum
1728 2051 1788 2071 tra-

1116 2081 1224 2111 deretur
1238 2104 1247 2117 ,
1272 2081 1302 2111 Cr
1320 2083 1380 2110 crim
1407 2080 1579 2118 impudentiae
1598 2081 1677 2110 ludus
1697 2081 1757 2120 efflet
1775 2103 1787 2117 ,

1113 2122 1210 2158 putavi
1230 2121 1277 2161 effe
1304 2121 1441 2160 censsris,
1470 2131 1504 2150 ne
1525 2120 1634 2160 longius·
1653 2119 1787 2160 idfi’rpe-

1116 2170 1157 2190 ret
1172 2185 1182 2198 ‚
1198 2159 1347 2198 providere.

1158 2206 1165 2227 5
1189 2203 1352 2231 Summam.
1370 2211 1407 2230 ΕΤ
1423 2199 1702 2235 εοΝτκονΕΒεῐΛε]
1729 2198 1786 2227 Ex-

1117 2240 1194 2271 stant
1210 2239 1308 2270 adhuc
1327 2240 1370 2268 M.
1391 2238 1499 2269 Annaei
1518 2240 1658 2274 Senecae,
1679 2237 1786 2267 rheto-

1116 2279 1155 2308 ris
1172 2302 1180 2313 ‚
1200 2277 1399 2308 suasoriarum
1421 2278 1499 2307 liber
1522 2288 1599 2308 unus
1620 2301 1629 2314 ,
1654 2284 1786 2307 contro-

1117 2317 1279 2347 verfiarum
1299 2317 1370 2347 libri
1384 2318 1501 2348 decem.

1154 2358 1167 2374 ⁶
1189 2358 1249 2386 PER
1286 2367 1383 2388 finem
1402 2360 1415 2396 ]
1436 2356 1631 2388 Exclamatio
1651 2363 1705 2392 ‚ut
1719 2353 1786 2391 proh

406 2395 478 2425 tulos
500 2404 568 2425 totos
590 2394 648 2424 dies
668 2393 793 2434 desidere.
818 2395 943 2433 Majores
962 2395 1043 2435 nqslri
1066 2418 1076 2434 ,
1107 2394 1194 2434 fidem
1212 2400 1224 2426 .'
1237 2395 1293 2426 Dii
1310 2400 1324 2426 .'

1546 2456 1788 2501 declamatio

1819 820 1869 847 10
