1952 2708
350 125 435 172 338
630 118 1439 162 SUPPLEMENTUM

216 232 331 238 ffl-
409 201 582 242 LXVI.
615 202 708 241 SUB
742 202 836 242 anni
869 202 991 242 finem
1020 200 1185 258 Apelles
1220 208 1229 224 ¹
1259 200 1452 243 malarum
1476 201 1621 242 artium
1654 217 1737 258 poe-

215 257 329 280 Αϋε·
348 279 415 304 nas
438 263 540 311 luit;
570 265 801 319 vinffiusque
823 264 959 305 ferreis
986 266 1250 321 compedibus
1277 270 1317 316 ²,
1345 270 1385 306 &
1409 264 1497 307 rota
1517 279 1645 307 tortus
1666 281 1736 321 pet

233 313 306 383 ζῗ
346 328 499 368 dierum
524 327 734 369 intervalla
748 357 762 378 ,
788 341 833 368 ut
853 328 922 369 diu
943 328 1149 384 suppliciis
1171 328 1397 380 sufficeret,
1421 344 1613 383 quantum
1635 329 1735 371 olim

346 392 395 432 ad
417 391 581 432 luxuriae
608 393 895 442 incitamenta,
926 405 1083 432 tantum
1111 391 1159 432 ad
1190 391 1436 433 crudelitatis
1459 392 1631 434 ludibria
1661 409 1732 433 va-

344 454 569 496 luit:haud
587 471 703 507 raro,
734 469 773 496 at
806 455 961 511 semper
988 456 1150 495 infirmo
1183 454 1386 510 exemplo.
1412 455 1594 496 Validius
1625 457 1732 496 enim

344 519 395 559 ad
420 517 548 560 scelus
582 518 756 575 impellit
782 519 982 575 praesentis
1009 518 1178 558 fortunae
1203 516 1434 568 inlecebra,
1463 517 1582 573 quim]
1607 532 1732 560 retra-

342 583 404 622 hit
427 582 565 623 futurae
594 583 764 623 infamiae
790 581 977 622 formido.
1007 580 1164 622 Eodem
1192 596 1299 623 anno
1325 582 1492 622 Pontius
1517 580 1666 623 Pilatus
1695 587 1733 632 ³,

341 647 545 687 Viennam
569 651 586 675 4
613 645 778 687 biennio
804 645 896 686 ante
922 643 1149 700 relegatus,
1178 647 1302 686 vitam
1330 646 1496 701 pristinae
1525 645 1732 700 dignitatis

338 708 560 760 memorii,
588 707 837 750 conscientia
861 707 1085 762 scelerum,
1115 710 1287 750 maeroris
1309 706 1560 765 impatienti&
1583 709 1730 749 tristem

339 773 423 828 ipse
450 774 593 813 finivit.

203 843 317 866 Ξζῑ-ΞΞ
403 836 601 876 LXVII.
638 835 798 875 CAIUS
825 834 981 876 *Caesar
1010 835 1071 876 IV
1119 840 1159 876 ὃς
1190 837 1352 877 Sentius
1389 836 1627 877 Saturninus
1668 835 1732 875 in-

203 883 315 909 A'U‘C‘
339 899 470 940 faustis
498 900 683 955 auspiciis
712 898 966 940 consulatum
996 899 1121 940 iniere
1139 900 1432 940 ⁵.Sacrificanti
1460 900 1567 940 enim
1588 899 1733 939 Caesari

222 943 296 1015 392
338 961 528 1003 Calendis
558 964 754 1007 Januariis
780 960 893 1015 jecur
919 963 1086 1003 vifflmzn
1115 963 1242 1004 defuit
1269 961 1298 1003 ⁶.
1325 962 1419 1004 Alia
1455 977 1615 1016 quoque
1642 960 1731 1002 vul-

230 1047 282 1075 4¹·
335 1040 427 1080 gata
459 1027 642 1081 prodigia
678 1031 722 1076 ⁷,
753 1027 886 1082 potius
920 1026 1039 1066 taedio
1069 1028 1345 1082 principatus,
1380 1024 1499 1080 quim]
1527 1027 1584 1066 tei
1623 1025 1731 1066 veri-

244 415 293 440 40.

331 1102 427 1131 tate.
453 1090 576 1130 Haud
601 1089 774 1130 siluerim
800 1103 963 1141 tamen,
990 1089 1098 1144 quod
1123 1088 1275 1131 Plinius
1303 1088 1318 1111 ⁸
1333 1119 1346 1142 ,
1371 1091 1556 1145 egregius
1581 1102 1728 1130 naturae

370 1236 378 1250 ¹
404 1232 539 1261 Aemus
556 1235 567 1265 ]
589 1229 636 1259 De
649 1238 712 1268 quo
730 1228 816 1268 supra
831 1239 897 1268 cap.
910 1239 958 1269 57.
1087 1235 1101 1255 7
1122 1230 1306 1267 Promona]
1328 1231 1405 1267 Quae
1430 1229 1505 1259 vide
1518 1229 1600 1268 apud
1611 1230 1728 1261 Sueto-

368 1274 378 1286 ²
403 1271 542 1300 Fmffls
562 1272 781 1307 COMPEDIEUS]
804 1269 893 1299 Philo
913 1293 922 1306 ,
942 1271 1007 1300 Le-
1047 1269 1135 1299 nium
1148 1293 1156 1305 ‚
1176 1270 1209 1299 in
1223 1269 1304 1300 Caio
1317 1293 1326 1306 ‚
1353 1270 1451 1300 LVII.

327 1317 388 1348 gat.
403 1310 441 1339 ad
458 1310 569 1340 Caium
583 1332 592 1344 ,
614 1318 681 1347 pag.
700 1319 772 1338 1021
789 1309 822 1339 ὅ(
841 1320 927 1338 1022.
1087 1309 1099 1328 ⁸
1123 1312 1220 1347 Quor)
1242 1311 1392 1343 Pumus]
1421 1307 1501 1338 Plin.
1520 1308 1640 1337 XXXII
1663 1330 1672 1345 ,
1699 1316 1727 1338 1.‘

367 1354 378 1375 3
402 1351 539 1380 Pom-rus
560 1350 715 1386 ΡιιΑτυε]
740 1349 927 1378 Procurator
948 1348 1005 1379 Ju-
1046 1348 1106 1377 Heu
1118 1350 1233 1378 vanitas
1246 1349 1385 1384 humana,
1399 1348 1459 1376 cum
1478 1346 1562 1386 rostra
1578 1346 1626 1376 illa
1638 1370 1648 1383 ‚
1671 1357 1727 1376 aere

326 1387 397 1418 daeoe
410 1412 418 1424 ‚
444 1390 482 1418 de
507 1399 570 1427 quo
587 1387 723 1417 diximus
744 1387 777 1416 in
793 1388 1005 1426 Supplement.
1038 1387 1166 1427 fierroque
1179 1387 1215 1416 ad
1237 1388 1305 1417 ἰξίας
1324 1396 1433 1416 armata
1447 1410 1457 1424 ,
1478 1385 1655 1425 semipedalis
1678 1386 1727 1415 in-

326 1427 440 1457 Annal.
464 1431 491 1458 V
505 1451 515 1465 ‚
537 1431 565 1458 8.
599 1427 645 1456 De
670 1427 735 1464 ejus
768 1435 870 1458 morte
895 1428 1004 1458 Euseb.
1046 1427 1136 1456 hibere
1149 1427 1243 1466 poffir,
1264 1437 1298 1455 ac
1313 1436 1403 1455 tenere
1414 1425 1539 1455 devincta
1556 1425 1727 1464 pisciculus!

326 1465 360 1495 in
375 1467 526 1497 Chronic.
558 1466 676 1495 Pontius
693 1465 805 1494 Pilatus
835 1486 845 1499 ‚
880 1466 1007 1496 incidens
1045 1465 1145 1496 Fertur
1156 1467 1269 1496 Ac'liaco
1282 1466 1378 1495 Marte
1389 1465 1497 1504 tenuiſje
1506 1466 1665 1502 praetoriam
1673 1474 1728 1494 na-

323 1506 355 1534 in
380 1505 481 1535 multas
503 1505 679 1534 calamitates
695 1529 704 1542 ,
734 1505 845 1542 proprici
861 1506 895 1544 se
921 1517 1005 1535 manu
1044 1505 1099 1535 vim
1120 1505 1263 1542 Antonii,
1278 1505 1452 1543 properantis
1472 1505 1615 1534 circumire
1631 1503 1661 1533 Er*
1676 1515 1727 1534 ex-

323 1545 474 1582 interfecit.
510 1545 643 1575 Scribant
670 1544 854 1574 Romanorum
876 1544 1003 1585 historici.
1045 1545 1150 1574 hortari
1171 1546 1237 1585 sitos
1259 1568 1268 1581 ,
1300 1545 1385 1574 donec
1413 1543 1541 1583 traitfiret
1571 1544 1601 1573 in
1628 1543 1725 1575 aliam.

324 1585 453 1615 Orofius
476 1609 485 1622 ‚
507 1587 563 1616 VII
576 1609 585 1622 ‚
612 1594 641 1623 5.
675 1583 786 1613 Pilatus
815 1593 905 1614 autem
929 1596 1005 1622 prae-
1045 1584 1159 1624 Ideoque
1187 1585 1350 1623 Caeszriana
1386 1583 1472 1624 claffis
1495 1584 1595 1620 impetu
1623 1584 1726 1622 majore

314 1624 387 1662 fis,
409 1625 453 1663 qui
468 1625 637 1663 sententiam
664 1622 852 1653 damnationis
873 1624 903 1653 in
918 1624 1003 1655 Clzri-
1021 1644 1026 1654 .
1041 1626 1168 1660 protinus
1203 1624 1289 1654 venit.
1317 1624 1419 1654 Tenuit
1436 1622 1466 1653 Εν
1491 1622 1580 1661 nostrai
1597 1623 1725 1653 memorid

319 1662 391 1701 stum
429 1663 540 1693 dixerat
572 1687 581 1700 ‚
610 1662 744 1701 postquam
777 1663 911 1700 plurimas
926 1664 1005 1702 sedi-
1044 1664 1107 1692 Caii
1126 1663 1269 1700 Principis
1289 1663 1324 1692 ab
1345 1663 1447 1702 Astura
1469 1663 1586 1693 Antium
1606 1663 1724 1691 renavi-

325 1702 416 1731 tiones
452 1704 483 1732 in
508 1702 698 1741 Hierosolymis
732 1703 839 1739 excepit
857 1713 890 1731 ac
905 1703 976 1740 fecit
994 1729 1003 1742 ‚
1064 1703 1159 1733 antis:
1173 1712 1203 1732 ut
1222 1713 1266 1732 res
1284 1703 1320 1743 efl·
1341 1704 1424 1732 etiam
1443 1701 1590 1740 auspicalis
1602 1702 1724 1740 piscicu-

325 1742 417 1771 rantis
442 1743 584 1782 irrogante
614 1740 683 1771 Caio
709 1742 857 1781 angoribus
880 1744 1004 1772 coarfla-
1041 1713 1095 1772 iiis.
1112 1743 1140 1772 si
1155 1742 1260 1781 quidem
1280 1742 1413 1782 nomffimd
1434 1741 1535 1770 tamin
1554 1740 1653 1770 Urbem
1676 1751 1725 1770 re-

324 1790 371 1810 tus
389 1781 424 1821 est
441 1805 450 1819 ,
469 1791 499 1811 ut
511 1782 566 1820 sud
582 1781 615 1819 se
636 1781 862 1819 tranfiaerberans
893 1792 977 1811 manu
993 1806 1002 1819 ‚
1042 1783 1134 1820 versus
1145 1782 1191 1811 ille
1202 1781 1372 1819 Imperator,
1385 1781 1440 1819 fitis
1455 1779 1518 1810 telis
1531 1780 1661 1819 confoffits
1673 1791 1688 1809 e
1710 1802 1721 1812 .

324 1820 457 1851 malorum
471 1820 653 1859 compendium
668 1821 763 1851 mortis
779 1821 919 1851 celeritate
927 1833 1003 1862 quae-
1042 1821 1105 1850 Nec
1119 1821 1202 1862 longa
1213 1820 1271 1858 fuit
1289 1822 1365 1851 illius
1378 1831 1459 1850 morae
1481 1819 1647 1857 admiratio,
1688 1830 1724 1849 a·

317 1859 407 1899 fierit.
1043 1861 1090 1890 tim
1102 1862 1187 1890 causa
1209 1860 1346 1890 intellec‘ld
1355 1884 1365 1897 ,
1379 1862 1438 1889 cum
1456 1870 1470 1888 e
1483 1861 1540 1888 tota
1551 1859 1629 1898 claffe
1640 1859 1723 1898 quin-

366 1904 379 1923 4
400 1901 574 1937 memm]
600 1901 694 1931 Nunc
724 1900 833 1931 Vienne
860 1912 893 1930 en
911 1901 1001 1930 Dau-
1017 1888 1023 1931 l
1039 1901 1171 1939 queremis
1181 1900 1242 1940 sola
1268 1911 1323 1929 non
1347 1899 1510 1938 proficeret,
1533 1898 1720 1938 exfilientibus

320 1938 415 1976 phine.
438 1941 508 1970 Ado
532 1940 563 1969 in
581 1939 732 1970 Chronic.
759 1940 903 1971 Eruditus
915 1941 1001 1972 Cho-
1036 1941 1163 1976 protinus
1191 1940 1235 1979 qui
1265 1939 1294 1968 id
1319 1948 1472 1979 quaererent
1496 1938 1570 1967 circa
1599 1938 1719 1976 navim,

324 1978 385 2008 rier
397 2002 406 2015 ,
433 1978 549 2018 Histoire
566 1979 696 2019 generale
715 1979 747 2008 de
760 1979 929 2017 Dammae,
948 1983 1000 2016 VI,
1039 1980 1167 2009 invenere
1193 1978 1377 2008 adhaerentem
1396 1977 1583 2018 gubernaculo
1601 2001 1610 2013 ,
1632 1977 1719 2016 osten-

323 2019 400 2047 See‘t.
427 2028 471 2047 11.
505 2029 663 2057 perperam
695 2019 847 2050 existimat
868 2019 1001 2051 Pilatum
1039 2018 1187 2059 deruntque
1202 2018 1293 2056 Caio,
1313 2017 1476 2058 indignanti
1494 2017 1542 2046 hoc
1557 2016 1638 2056 fuzffe
1650 2016 1720 2056 quod

324 2056 358 2086 in
371 2055 475 2087 Judaea
492 2059 680 2089 occubuiffe.
1029 2059 1062 2097 se
1079 2067 1241 2096 revocaret,
1261 2057 1571 2097 quadringentorumque
1584 2056 1716 2096 remigum

366 2101 375 2122 5
401 2097 618 2128 CONSULATUM
645 2099 781 2134 mle-RB]
815 2098 909 2129 Caius
928 2101 998 2130 Cae-
1037 2098 1155 2138 obfi’quio
1183 2107 1279 2128 contra
1296 2099 1328 2136 se
1356 2096 1546 2127 intercederet.
1567 2095 1718 2134 Constabat

323 2134 369 2178 sar
392 2136 537 2174 Augustus
558 2139 600 2167 IV
627 2138 661 2168 ὃς
681 2139 740 2167 Cn.
761 2139 882 2168 Sentius
899 2140 1000 2169 Satur·
1035 2138 1212 2174 peculiariter
1228 2138 1358 2167 miratum
1374 2135 1498 2175 quomodo
1520 2134 1665 2165 adhaerens
1677 2143 1717 2164 te-

321 2184 413 2204 mnus
435 2176 574 2206 consules
587 2176 672 2207 fuere
689 2187 773 2207 anno
788 2177 878 2208 Urbis
888 2179 999 2208 condi-
1036 2178 1130 2218 nuiffet
1145 2203 1154 2216 ‚
1183 2188 1233 2207 nec
1251 2177 1321 2206 idem
1340 2175 1453 2213 polleret
1465 2175 1494 2204 in
1510 2174 1652 2213 navigium
1669 2184 1716 2202 re-

322 2221 360 2244 1ae
379 2225 531 2247 Dccxclv.
556 2215 583 2246 J.
598 2217 634 2246 C.
651 2227 701 2254 41.
1037 2227 1138 2254 ceptu5.
1158 2217 1218 2256 Qui
1232 2226 1297 2246 tunc
1313 2215 1451 2255 posteaque
1465 2213 1558 2243 videre
1578 2235 1587 2249 ‚
1609 2223 1667 2242 eum
1681 2213 1716 2242 li-

361 2253 375 2271 ⁶
396 2255 495 2284 Jecun
520 2265 663 2286 vrcrrmnz
688 2257 825 2293 Dssrmr]
849 2255 997 2294 Plin.X1‚
1035 2255 1349 2296 macimagnaefimilem
1372 2253 1419 2322 ege
1438 2252 1542 2282 dicunt.
1557 2253 1605 2283 De
1619 2252 1716 2283 eche-

322 2301 371 2329 37.
391 2295 466 2335 Seet.
484 2303 533 2331 73.
551 2294 641 2330 Jecur
660 2294 760 2326 defuit
779 2295 847 2325 Caio
867 2295 998 2332 Principe
1035 2295 1128 2326 neide
1140 2319 1149 2332 ‚
1165 2296 1261 2335 vulg&
1274 2294 1366 2325 nobis
1405 2302 1505 2327 emota,
1526 2292 1601 2322 vide
1612 2292 1715 2322 Aldo-

320 2331 454 2361 Kalendis
467 2332 616 2362 Januariis
627 2357 636 2370 ‚
653 2335 712 2363 cum
726 2334 809 2365 iniret
820 2334 996 2375 conficlacum,
1035 2335 1189 2366 vrandum
1200 2358 1210 2372 ,
1231 2334 1269 2364 de
1295 2333 1430 2364 Piscibus
1446 2356 1456 2369 ,
1478 2333 1521 2362 III
1538 2355 1548 2367 .,
1572 2343 1621 2361 22.
1641 2341 1712 2370 pag.

320 2380 369 2408 quo
384 2382 457 2402 anno
470 2371 626 2409 interfeflus
644 2373 689 2413 est.
1036 2385 1090 2413 335
1114 2375 1148 2407 &
1159 2374 1244 2414 seqq.
1255 2373 1353 2404 Maria
1368 2381 1472 2404 autern
1481 2381 1563 2403 nunc
1579 2371 1714 2402 navibus

1763 786 1812 814 10
