1952 2708
373 154 465 191 444:
812 133 1325 177 APPENDIX

374 215 435 253 vel
465 213 602 249 summa
631 213 669 248 in
705 212 844 250 miseria
878 212 1088 251 fecunditas.
1117 212 1273 248 Plurima
1299 212 1393 248 enim
1419 221 1492 249 arte
1513 215 1547 249 &
1571 223 1712 250 uterum
1731 218 1766 252 δε

374 263 604 314 parturientis
628 264 847 300 necessitates
865 263 1051 299 occultans
1067 289 1076 306 ‚
1098 261 1270 311 Eponina
1297 264 1396 298 auc-ta
1415 262 1463 298 est
1486 262 1627 300 duobus
1646 264 1766 301 liberis

373 314 489 350 virilis
511 313 611 350 sextis
625 341 635 358 ‚
659 314 721 363 qui
751 314 789 349 in
811 314 912 349 tanto
938 314 1092 348 cariores
1114 313 1191 359 spes
1215 312 1408 347 adolevere
1422 340 1430 355 ,
1465 314 1600 361 quanto
1621 314 1767 350 calami-

373 363 486 401 toslor
517 375 592 401 erat
619 373 807 412 parentum
829 362 986 398 fortuna.
1013 360 1164 397 Sabinus
1179 361 1233 395 his
1255 360 1387 396 artibus
1413 362 1628 412 latebrisque
1652 364 1764 400 vitam

371 427 437 463 per
459 427 593 451 novem
615 425 730 448 annos
748 411 974 455 traduxerat,
1002 411 1083 447 cum
1109 410 1253 447 tandem
1280 423 1362 446 eum
1377 411 1500 447 vivere
1515 413 1675 449 auditum
1703 414 1763 451 est.

372 463 501 499 Statim
518 463 592 511 ipse
610 462 754 512 ejusque
788 475 881 498 uxor
898 475 940 499 ac
962 461 1068 497 liberi
1091 459 1339 508 comprehensi
1357 488 1367 503 ,
1390 459 1615 510 Romamque
1639 464 1731 499 veeti
1753 491 1765 508 ‚

372 524 457 549 ante
478 511 729 561 Vespasianum
752 512 863 549 fistere
885 513 921 548 se
938 511 1012 560 juffi
1036 511 1128 546 sunt.
1155 509 1245 548 Viso
1264 509 1431 558 Principe
1444 541 1452 552 ,
1468 510 1620 546 Sabinus
1634 512 1763 549 obmu-

372 563 444 599 tuit
456 590 465 607 ,
488 562 696 600 rebellionis
714 563 856 612 flagitio
884 561 1023 610 pressus.
1040 560 1210 608 Eponina
1229 587 1237 603 ,
1255 559 1337 596 sexu
1349 588 1358 602 ,
1373 572 1495 596 amore
1508 589 1516 603 ,
1537 561 1763 599 conscientia.

372 613 588 656 animosior,
608 613 741 662 rumpit
765 611 902 648 silentia
916 638 924 653 ,
951 623 1072 659 preces
1095 609 1270 653 intendit,
1293 609 1436 646 testatur
1451 629 1470 642 <e
1487 610 1522 646 se
1539 612 1710 659 peperisse
1721 623 1762 649 ut

371 681 393 696 ιο
411 663 528 711 plures
542 663 690 700 haberet
704 690 712 706 ,
739 662 800 711 qui
818 661 1054 710 efflagitarent
1073 660 1217 697 veniam
1235 661 1243 675 ¹
1257 678 1291 696 ω,
1315 660 1547 708 Vespasianus
1566 689 1574 704 ‚
1601 661 1762 698 insontes

370 712 505 749 liberos
524 713 664 750 intuens
680 740 690 756 ,
709 711 965 754 illacrimavit3
989 711 1101 760 iisque
1121 710 1242 746 datum
1256 709 1379 746 vivere
1397 712 1422 745 ².
1440 710 1490 746 At
1512 710 1663 746 Sabinus
1678 711 1761 761 lege

372 763 583 811 majestatis,
609 775 686 798 non
704 762 767 798 illa
788 762 887 798 nova
911 765 944 798 ὅς
967 760 1031 796 sub
1054 761 1235 809 prioribus
1251 760 1478 808 Principibus
1505 762 1645 810 reperta.
1662 789 1672 805 ,
1699 762 1761 798 sed

371 824 492 850 vetere
513 841 523 857 ,
556 814 626 862 quii
656 811 858 861 perduelles
889 811 1087 860 puniuntur
1120 812 1130 829 ³
1158 839 1168 854 ,
1198 810 1323 846 mortis
1347 810 1533 846 damnatus
1556 810 1613 847 est.
1632 811 1762 848 Trasla

373 876 520 912 quoque
547 864 582 898 in
607 862 726 898 mariti
751 862 891 897 ruinam
915 861 1110 910 Eponina,
1138 861 1232 897 forte
1258 860 1491 896 consiliorum
1520 861 1693 899 societate
1727 865 1762 898 &
1790 867 1792 871 ’

370 913 534 949 virilibus
553 912 796 949 curisnocens
821 911 908 948 visa.
939 910 1051 946 Nulla
1067 912 1136 955 jam
1155 911 1216 959 spe
1242 910 1351 954 τίετε,
1381 910 1548 960 callisque
1577 924 1668 960 quos
1695 924 1760 959 pen

369 973 428 999 tot
455 976 568 999 annos
586 962 794 998 sustinuerat
824 961 1030 1004 laboribus,
1049 960 1151 997 ferox
1176 960 1308 997 femina
1326 973 1449 1008 preces
1471 960 1509 996 in
1533 960 1601 996 iras
1626 961 1761 1006 vertit,

368 1012 659 1061 Vespasianoque
680 1012 872 1052 insultans,
890 1011 1080 1060 profitetur
1105 1028 1123 1042 cc
1150 1011 1263 1047 vitam
1287 1021 1403 1047 morte
1432 1010 1495 1046 fibi
1511 1010 1666 1048 libenter
1684 1024 1762 1047 mu-

368 1080 388 1094 m
419 1063 487 1098 tari
509 1077 518 1098 ε
542 1063 577 1099 se
593 1062 796 1099 feliciorem
817 1061 876 1097 vel
901 1061 938 1095 in
957 1060 1117 1096 obscuris
1144 1071 1244 1097 terrae
1269 1060 1485 1102 visceribus,
1514 1061 1619 1110 quam
1640 1060 1759 1110 ipsum

367 1129 387 1144 2>
414 1112 451 1147 in
470 1112 693 1160 principatus
709 1111 903 1160 splendore
920 1139 930 1154 ,
959 1110 1150 1146 vixisse422.
1180 1108 1289 1145 Multi
1306 1135 1315 1151 ,
1341 1109 1486 1146 feminae
1505 1110 1758 1148 fortitudinem

367 1162 486 1197 mirati
504 1193 512 1204 ,
540 1164 613 1210 ejus
632 1162 734 1197 malis
757 1161 949 1198 indoluere
967 1174 975 1195 ι
994 1160 1124 1209 vulgus
1146 1170 1286 1202 autem,
1312 1161 1438 1195 cunsta
1454 1187 1464 1203 ‚
1494 1160 1647 1196 maxime
1676 1173 1758 1210 quae

364 1212 551 1261 Principes
574 1212 732 1260 speffant
760 1240 770 1255 ,
801 1211 1027 1260 interpretari
1051 1210 1218 1254 solitum,
1245 1222 1332 1245 mox
1349 1209 1505 1246 secutam
1523 1210 1728 1259 Vespafiani
1744 1238 1756 1254 ‚

365 1262 463 1298 haud
483 1263 618 1298 lentam
640 1262 719 1297 Titi
742 1273 919 1304 mortem,
945 1261 1031 1297 dein
1052 1260 1259 1296 Domitiani
1278 1259 1411 1296 scelera
1439 1259 1646 1310 caedemque
1675 1291 1682 1302 ,
1722 1264 1757 1298 ὃς

364 1313 478 1348 totius
502 1312 638 1348 Flavite
653 1312 770 1361 gentis
787 1311 967 1348 excidium
982 1330 998 1354 ,·
1020 1311 1124 1359 hujus
1137 1309 1307 1359 supplicii
1321 1322 1450 1358 poenas
1460 1310 1558 1346 fuiffe
1570 1338 1580 1353 ,
1596 1321 1636 1346 ut
1652 1310 1728 1347 sero
1743 1337 1756 1353 ,

363 1361 412 1398 fic
440 1362 687 1399 adseveranter
702 1390 710 1405 ‚
733 1362 908 1409 jaaitavit
934 1362 959 1396 ³.
984 1360 1078 1396 Haec
1102 1361 1183 1396 cum
1205 1361 1242 1395 in
1268 1359 1368 1395 Urbe
1389 1360 1530 1396 diversis
1553 1360 1757 1397 rumoribus

363 1412 584 1461 agitarentur
599 1439 608 1455 ,
633 1412 791 1448 laetiores
812 1411 856 1447 de
875 1410 1063 1446 Britannia
1090 1410 1209 1446 nuntii
1230 1411 1375 1445 venere.
1407 1409 1519 1445 Julius
1532 1410 1756 1459 Agricola⁶‚

363 1474 581 1512 quamquam
612 1462 733 1498 media
763 1463 835 1508 jam
855 1460 972 1498 aestate
999 1460 1037 1496 in
1060 1460 1214 1495 insulam
1238 1459 1490 1508 transgressus,
1522 1460 1754 1497 Ordovicum

362 1511 569 1554 civitatem,
588 1511 688 1561 quod
710 1511 808 1547 haud
826 1511 940 1547 multo
962 1522 1044 1547 ante
1071 1512 1144 1558 ejus
1167 1509 1362 1545 adventurn
1393 1509 1486 1545 alam
1509 1509 1546 1545 in
1573 1510 1643 1545 suis
1672 1511 1756 1546 fini-

361 1561 427 1598 bus
464 1573 629 1611 agentem
662 1561 863 1598 obtriviffet
887 1591 897 1605 ,
932 1560 1073 1610 ingenti
1099 1559 1200 1596 clade
1220 1559 1426 1601 adfecerat3
1453 1559 1613 1609 caesaque
1633 1561 1753 1610 prope

363 1611 531 1647 universa
555 1623 662 1661 gente
675 1639 685 1656 ‚
705 1612 859 1647 Monam
878 1610 1029 1646 insulam
1045 1639 1054 1655 ‚
1075 1623 1095 1646 a
1115 1609 1294 1646 Suetonio
1331 1608 1499 1646 Paullino
1530 1609 1753 1658 improspere

361 1660 453 1696 olim
479 1673 652 1697 tentatam
667 1687 675 1702 ‚
693 1662 798 1709 petiit
811 1689 821 1704 ,
842 1661 1030 1709 hostesque
1054 1661 1103 1695 ita
1124 1659 1250 1697 terruit
1265 1687 1275 1703 ‚
1306 1669 1345 1695 ut
1359 1659 1472 1708 petita
1486 1671 1576 1707 pace
1601 1686 1610 1701 ,
1647 1660 1751 1696 dedi-

359 1711 467 1759 taque
486 1711 620 1754 insula,
645 1710 758 1747 clarus
784 1723 827 1746 ac
850 1723 998 1759 magnus
1027 1710 1141 1745 statim
1167 1709 1367 1745 haberetur.
1391 1709 1492 1757 Ipse,
1515 1722 1560 1745 ne
1585 1707 1752 1746 laureatis

359 1760 504 1809 quidem
534 1760 629 1810 gesta
650 1760 861 1809 prosecutus
883 1788 892 1804 ,
917 1759 1194 1796 dissimulatione
1227 1759 1331 1796 famae
1360 1759 1490 1796 famam
1519 1758 1628 1796 auxit·
1659 1760 1751 1799 Tres

358 1810 462 1848 urbes
478 1810 517 1847 in
533 1813 658 1862 Cypro
675 1810 791 1847 insula
804 1820 905 1847 terrae
919 1820 1022 1847 motu
1039 1812 1206 1847 corruere
1222 1810 1249 1849 7,

392 1917 401 1929 ¹
422 1911 572 1945 VturAM]
598 1912 674 1942 Dio,
688 1911 947 1948 LXV1,pag.75:.

392 1952 402 1964 ²
424 1947 543 1975 DATUM
562 1951 704 1979 νινε-κε]
722 1948 827 1975 Horum
853 1949 921 1975 alter
941 1947 1032 1981 postea

1073 1912 1165 1947 gloriae
1182 1911 1266 1946 seges.

1109 1954 1117 1970 ς
1137 1948 1334 1979 ,ῙΑετιτΑνῐτ
1356 1951 1366 1978 ]
1391 1946 1471 1973 Idem
1496 1946 1619 1979 peccavit
1637 1945 1748 1974 Plutar-

354 1980 383 2007 in
402 1982 518 2017 AEgypto
535 1983 682 2013 occubuit3
701 1983 814 2010 alierum
838 1982 927 2010 secum
948 1993 1033 2016 nuper
1072 1981 1136 2009 chus
1150 2003 1156 2012 ‚
1179 1983 1232 2009 loc.
1247 1983 1294 2010 cit.
1315 1982 1415 2009 Melior
1434 1981 1649 2015 locupletior-que
1671 1981 1748 2009 testis

354 2015 430 2043 fuisse
445 2017 562 2051 Delphis
573 2039 581 2051 ,
596 2028 667 2046 nunc
681 2018 782 2053 Cafiri,
801 2017 912 2045 testatur
925 2017 1032 2046 Plutar-

353 2050 421 2078 chus
436 2072 443 2083 ‚
460 2053 512 2079 loc.
526 2055 573 2081 cir.

392 2094 400 2109 ³
420 2085 611 2116 Pumuurun
626 2088 723 2120 ]Vide
735 2088 826 2116 Tacit.
841 2087 976 2117 Annal.1,
986 2098 1027 2120 72·

1073 2017 1220 2044 Suetonius
1242 2017 1271 2044 in
1294 2016 1454 2050 Vespasian.
1479 2015 1550 2043 XV.
1571 2019 1630 2043 Non
1650 2025 1746 2044 temere

1070 2053 1127 2086 quis
1144 2052 1251 2087 punitus
1264 2052 1353 2084 insons
1371 2052 1528 2086 reperitur..
1545 2072 1552 2078 .
1565 2072 1571 2079 .
1586 2060 1663 2086 neque
1674 2051 1748 2079 Ves-

1069 2087 1196 2120 pasianus
1207 2086 1273 2114 caede
1281 2088 1431 2122 cujusquam
1441 2095 1567 2126 utriq-imm
1578 2086 1745 2119 laetatus‚ju-

389 2126 401 2142 ⁴
420 2121 553 2150 erssss
569 2127 578 2155 ]
605 2124 807 2158 Argumentum
821 2143 829 2154 ‚
849 2133 901 2157 quo
924 2124 968 2151 vix
988 2125 1029 2150 ul-
1062 2121 1257 2157 stissuppliciis
1271 2122 1458 2156 illacrymavzt
1468 2121 1744 2156 ertamcringemuit.

352 2156 408 2181 lum
430 2157 561 2196 trtagoedia
584 2158 668 2186 habet
685 2179 693 2188 ‚
721 2167 868 2186 eventuum
897 2160 1027 2186 varietate

351 2188 519 2230 splend1dius
531 2214 537 2222 ,
559 2197 584 2220 ὅ(
607 2194 642 2220 ad
662 2194 816 2222 movendos
830 2194 939 2220 animos
957 2194 1026 2221 vali-

352 2224 432 2265 drus,
457 2227 631 2255 tractandum
650 2228 783 2262 suscepere
804 2228 874 2262 apud
898 2238 948 2256 nos
978 2227 1025 2255 Cl.

351 2258 460 2300 Richer.
479 2262 591 2289 Sabinus
611 2270 645 2291 Ο·
661 2264 793 2298 Eponine,
810 2264 942 2298 Trage'die
954 2284 961 2293 ,
976 2271 1027 2298 par

351 2297 392 2321 M.
404 2295 509 2324 chher.
539 2298 627 2324 Paris.
647 2298 751 2325 Pranlt.
769 2307 843 2333 1735.
857 2299 928 2332 apud
941 2299 1025 2326 Italos

351 2328 398 2357 Cl.
424 2330 538 2358 Bartoli.
574 2332 728 2366 Epponina,
750 2334 884 2367 Tragedia
904 2334 934 2361 di
956 2334 1026 2360 Giu-

347 2366 833 2401 seppeBartoli.inTorino.Maii-effe.
852 2372 927 2401 1767.
946 2369 1024 2396 Idem

351 2408 543 2435 argumentum
576 2402 771 2434 retraQatmos
811 2412 906 2432 manet
933 2404 1025 2439 ampla

1068 2158 1246 2219 XZHJIumus
1260 2157 1453 2188 Aonicom]
1469 2157 1560 2184 Tacit.
1574 2156 1636 2184 Vir.
1646 2156 1740 2191 Agric.

1104 2234 1114 2249 ⁷
1134 2227 1338 2259 Commi-21³5]
1363 2227 1441 2254 Paul.
1468 2225 1549 2254 Oros.
1571 2225 1647 2265 V113
1664 2235 1691 2258 9.
1706 2224 1744 2265 ld

1066 2261 1177 2294 quidem
1206 2263 1320 2290 biennio
1350 2264 1414 2289 ante
1441 2261 1522 2289 refert
1552 2259 1682 2287 Eusebius
1707 2270 1736 2286 m

1066 2297 1199 2325 Chronic.
1222 2298 1264 2325 Ar
1285 2308 1341 2325 non
1361 2298 1399 2324 ita
1425 2296 1610 2330 probabiliter.
1637 2296 1737 2321 Altum

1064 2333 1137 2359 enim
1151 2332 1200 2360 bac
1213 2332 1247 2360 de
1261 2342 1287 2360 re
1298 2332 1434 2359 silentium
1450 2331 1520 2364 apud
1534 2329 1655 2356 Plinium
1667 2350 1674 2358 ,
1689 2330 1737 2362 qu‘z

1064 2367 1210 2408 fingulares
1222 2367 1301 2402 hujus
1324 2366 1455 2400 temporis
1474 2374 1515 2393 res
1529 2363 1742 2399 diligentissime

1064 2411 1218 2432 annotavit.
