<?xml version="1.0" encoding="UTF-8"?>
<!DOCTYPE html PUBLIC "-//W3C//DTD XHTML 1.0 Transitional//EN"
    "http://www.w3.org/TR/xhtml1/DTD/xhtml1-transitional.dtd">
<html xmlns="http://www.w3.org/1999/xhtml" xml:lang="en" lang="en">
 <head>
  <title>
</title>
<meta http-equiv="Content-Type" content="text/html;charset=utf-8" />
  <meta name='ocr-system' content='tesseract 3.04.00' />
  <meta name='ocr-capabilities' content='ocr_page ocr_carea ocr_par ocr_line ocrx_word'/>
</head>
<body>
  <div class='ocr_page' id='page_1' title='image "./operabro04taciuoft_0226.png"; bbox 0 0 1952 2708; ppageno 0'>
   <div class='ocr_carea' id='block_1_1' title="bbox 386 154 1565 212">
    <p class='ocr_par' dir='ltr' id='par_1_1' title="bbox 386 154 1565 212">
     <span class='ocr_line' id='line_1_1' title="bbox 386 154 1565 212; baseline -0.003 -9"><span class='ocrx_word' id='word_1_1' title='bbox 386 176 475 212; x_wconf 55' lang='lat'><em>21-1„</em></span> <span class='ocrx_word' id='word_1_2' title='bbox 585 156 795 198; x_wconf 79' lang='lat' dir='ltr'>NOTAE</span> <span class='ocrx_word' id='word_1_3' title='bbox 846 154 933 197; x_wconf 93' lang='lat' dir='ltr'>ET</span> <span class='ocrx_word' id='word_1_4' title='bbox 983 154 1565 199; x_wconf 88' lang='lat' dir='ltr'>EMENDATIONES</span> 
     </span>
    </p>
   </div>
   <div class='ocr_carea' id='block_1_2' title="bbox 369 232 1777 1632">
    <p class='ocr_par' dir='ltr' id='par_1_2' title="bbox 380 232 1777 387">
     <span class='ocr_line' id='line_1_2' title="bbox 385 232 1777 284; baseline 0.001 -10"><span class='ocrx_word' id='word_1_5' title='bbox 385 250 424 274; x_wconf 90' lang='lat' dir='ltr'>ut</span> <span class='ocrx_word' id='word_1_6' title='bbox 445 234 569 273; x_wconf 88' lang='lat' dir='ltr'>ceteris</span> <span class='ocrx_word' id='word_1_7' title='bbox 594 233 756 270; x_wconf 83' lang='lat' dir='ltr'>duriores</span> <span class='ocrx_word' id='word_1_8' title='bbox 790 232 1029 283; x_wconf 83' lang='lat' dir='ltr'>fortioresque</span> <span class='ocrx_word' id='word_1_9' title='bbox 1048 261 1058 278; x_wconf 86' lang='lat'>,</span> <span class='ocrx_word' id='word_1_10' title='bbox 1093 233 1140 269; x_wconf 88' lang='lat' dir='ltr'>fic</span> <span class='ocrx_word' id='word_1_11' title='bbox 1174 246 1320 284; x_wconf 89' lang='lat' dir='ltr'>quoque</span> <span class='ocrx_word' id='word_1_12' title='bbox 1350 234 1386 271; x_wconf 84' lang='lat' dir='ltr'>se</span> <span class='ocrx_word' id='word_1_13' title='bbox 1417 234 1618 272; x_wconf 82' lang='lat' dir='ltr'>nobiliores</span> <span class='ocrx_word' id='word_1_14' title='bbox 1637 243 1777 284; x_wconf 81' lang='lat' dir='ltr'>putant.</span> 
     </span>
     <span class='ocr_line' id='line_1_3' title="bbox 383 283 1774 334; baseline 0.001 -11"><span class='ocrx_word' id='word_1_15' title='bbox 383 290 497 323; x_wconf 85' lang='lat' dir='ltr'>Porto</span> <span class='ocrx_word' id='word_1_16' title='bbox 519 295 559 321; x_wconf 89' lang='lat' dir='ltr'>ut</span> <span class='ocrx_word' id='word_1_17' title='bbox 585 284 659 328; x_wconf 86' lang='lat' dir='ltr'>dii,</span> <span class='ocrx_word' id='word_1_18' title='bbox 692 284 742 320; x_wconf 89' lang='lat' dir='ltr'>ita</span> <span class='ocrx_word' id='word_1_19' title='bbox 771 287 804 320; x_wconf 79' lang='lat' dir='ltr'>&lt;Sc</span> <span class='ocrx_word' id='word_1_20' title='bbox 834 283 1000 320; x_wconf 88' lang='lat' dir='ltr'>homines</span> <span class='ocrx_word' id='word_1_21' title='bbox 1032 283 1242 320; x_wconf 74' lang='lat' dir='ltr'>nobilissimi</span> <span class='ocrx_word' id='word_1_22' title='bbox 1268 284 1307 320; x_wconf 93' lang='lat' dir='ltr'>in</span> <span class='ocrx_word' id='word_1_23' title='bbox 1334 285 1577 334; x_wconf 81' lang='lat' dir='ltr'>penetralibus</span> <span class='ocrx_word' id='word_1_24' title='bbox 1603 285 1667 323; x_wconf 81' lang='lat' dir='ltr'>siti.</span> <span class='ocrx_word' id='word_1_25' title='bbox 1701 287 1774 324; x_wconf 78' lang='lat' dir='ltr'>Mi-</span> 
     </span>
     <span class='ocr_line' id='line_1_4' title="bbox 380 333 1112 387; baseline -0.007 -13"><span class='ocrx_word' id='word_1_26' title='bbox 380 349 494 387; x_wconf 72' lang='lat' dir='ltr'>taque</span> <span class='ocrx_word' id='word_1_27' title='bbox 511 335 564 372; x_wconf 89' lang='lat' dir='ltr'>vis</span> <span class='ocrx_word' id='word_1_28' title='bbox 582 334 670 371; x_wconf 87' lang='lat' dir='ltr'>inest</span> <span class='ocrx_word' id='word_1_29' title='bbox 683 334 722 370; x_wconf 91' lang='lat' dir='ltr'>in</span> <span class='ocrx_word' id='word_1_30' title='bbox 739 334 795 368; x_wconf 91' lang='lat' dir='ltr'>his</span> <span class='ocrx_word' id='word_1_31' title='bbox 811 333 961 382; x_wconf 83' lang='lat' dir='ltr'>Calgaci</span> <span class='ocrx_word' id='word_1_32' title='bbox 982 333 1112 369; x_wconf 87' lang='lat' dir='ltr'>verbis.</span> 
     </span>
    </p>

    <p class='ocr_par' dir='ltr' id='par_1_3' title="bbox 381 381 1768 476">
     <span class='ocr_line' id='line_1_5' title="bbox 428 381 1768 431; baseline 0.001 -8"><span class='ocrx_word' id='word_1_33' title='bbox 428 387 649 423; x_wconf 82' lang='lat' dir='ltr'>CONTACTU</span> <span class='ocrx_word' id='word_1_34' title='bbox 676 386 991 428; x_wconf 78' lang='lat' dir='ltr'>DOMINATIONIS]</span> <span class='ocrx_word' id='word_1_35' title='bbox 1022 381 1173 431; x_wconf 73' lang='lat' dir='ltr'>Optime</span> <span class='ocrx_word' id='word_1_36' title='bbox 1197 382 1390 420; x_wconf 85' lang='lat' dir='ltr'>Rhenanus</span> <span class='ocrx_word' id='word_1_37' title='bbox 1405 384 1696 424; x_wconf 79' lang='lat' dir='ltr'>&amp;Recentiores.</span> <span class='ocrx_word' id='word_1_38' title='bbox 1722 388 1768 424; x_wconf 81' lang='lat' dir='ltr'>In</span> 
     </span>
     <span class='ocr_line' id='line_1_6' title="bbox 381 432 1040 476; baseline -0.011 -1"><span class='ocrx_word' id='word_1_39' title='bbox 381 436 564 475; x_wconf 87' lang='lat' dir='ltr'>veteribus</span> <span class='ocrx_word' id='word_1_40' title='bbox 583 432 806 471; x_wconf 84' lang='lat' dir='ltr'>editionibus</span> <span class='ocrx_word' id='word_1_41' title='bbox 823 460 833 476; x_wconf 89' lang='lat'>‚</span> <span class='ocrx_word' id='word_1_42' title='bbox 866 433 1040 468; x_wconf 58' lang='lat' dir='ltr'>contradite.</span> 
     </span>
    </p>

    <p class='ocr_par' dir='ltr' id='par_1_4' title="bbox 431 482 1317 530">
     <span class='ocr_line' id='line_1_7' title="bbox 431 482 1317 530; baseline -0.006 -8"><span class='ocrx_word' id='word_1_43' title='bbox 431 487 545 522; x_wconf 72' lang='lat' dir='ltr'>smus</span> <span class='ocrx_word' id='word_1_44' title='bbox 573 487 718 529; x_wconf 78' lang='lat' dir='ltr'>FAMAE]</span> <span class='ocrx_word' id='word_1_45' title='bbox 745 482 883 519; x_wconf 82' lang='lat' dir='ltr'>Frustra</span> <span class='ocrx_word' id='word_1_46' title='bbox 906 492 1022 518; x_wconf 89' lang='lat' dir='ltr'>tentat</span> <span class='ocrx_word' id='word_1_47' title='bbox 1041 482 1317 530; x_wconf 73' lang='lat' dir='ltr'>Muretusfamci.</span> 
     </span>
    </p>

    <p class='ocr_par' dir='ltr' id='par_1_5' title="bbox 369 531 1773 1328">
     <span class='ocr_line' id='line_1_8' title="bbox 430 531 1766 581; baseline 0.001 -10"><span class='ocrx_word' id='word_1_48' title='bbox 430 535 549 572; x_wconf 80' lang='lat' dir='ltr'>NUNC</span> <span class='ocrx_word' id='word_1_49' title='bbox 575 536 803 579; x_wconf 76' lang='lat' dir='ltr'>TERMINUS]</span> <span class='ocrx_word' id='word_1_50' title='bbox 833 533 876 569; x_wconf 87' lang='lat' dir='ltr'>In</span> <span class='ocrx_word' id='word_1_51' title='bbox 890 531 990 568; x_wconf 81' lang='lat' dir='ltr'>libris</span> <span class='ocrx_word' id='word_1_52' title='bbox 1016 532 1154 581; x_wconf 84' lang='lat' dir='ltr'>scriptis</span> <span class='ocrx_word' id='word_1_53' title='bbox 1170 535 1203 568; x_wconf 90' lang='lat'>&amp;</span> <span class='ocrx_word' id='word_1_54' title='bbox 1218 532 1343 575; x_wconf 88' lang='lat' dir='ltr'>editis,</span> <span class='ocrx_word' id='word_1_55' title='bbox 1367 545 1448 567; x_wconf 78' lang='lat' dir='ltr'>nunc</span> <span class='ocrx_word' id='word_1_56' title='bbox 1464 535 1615 570; x_wconf 83' lang='lat' dir='ltr'>terminus</span> <span class='ocrx_word' id='word_1_57' title='bbox 1631 537 1766 572; x_wconf 82' lang='lat' dir='ltr'>Britan-</span> 
     </span>
     <span class='ocr_line' id='line_1_9' title="bbox 378 582 1766 633; baseline 0 -12"><span class='ocrx_word' id='word_1_58' title='bbox 378 588 438 622; x_wconf 83' lang='lat' dir='ltr'>niae</span> <span class='ocrx_word' id='word_1_59' title='bbox 460 596 552 632; x_wconf 79' lang='lat' dir='ltr'>patet</span> <span class='ocrx_word' id='word_1_60' title='bbox 565 599 578 619; x_wconf 90' lang='lat'>.·</span> <span class='ocrx_word' id='word_1_61' title='bbox 594 596 687 633; x_wconf 83' lang='lat' dir='ltr'>atque</span> <span class='ocrx_word' id='word_1_62' title='bbox 704 597 793 619; x_wconf 85' lang='lat' dir='ltr'>omne</span> <span class='ocrx_word' id='word_1_63' title='bbox 811 586 954 632; x_wconf 82' lang='lat' dir='ltr'>ignotum</span> <span class='ocrx_word' id='word_1_64' title='bbox 972 595 1032 630; x_wconf 86' lang='lat' dir='ltr'>pro</span> <span class='ocrx_word' id='word_1_65' title='bbox 1051 582 1220 631; x_wconf 86' lang='lat' dir='ltr'>magnifico</span> <span class='ocrx_word' id='word_1_66' title='bbox 1245 583 1298 632; x_wconf 87' lang='lat' dir='ltr'>est.</span> <span class='ocrx_word' id='word_1_67' title='bbox 1310 582 1370 618; x_wconf 86' lang='lat' dir='ltr'>Sed</span> <span class='ocrx_word' id='word_1_68' title='bbox 1382 583 1554 631; x_wconf 83' lang='lat' dir='ltr'>nullajam</span> <span class='ocrx_word' id='word_1_69' title='bbox 1569 585 1657 619; x_wconf 65' lang='lat' dir='ltr'>ultra</span> <span class='ocrx_word' id='word_1_70' title='bbox 1670 599 1766 631; x_wconf 73' lang='lat' dir='ltr'>gens,</span> 
     </span>
     <span class='ocr_line' id='line_1_10' title="bbox 377 630 1769 682; baseline -0.001 -9"><span class='ocrx_word' id='word_1_71' title='bbox 377 639 446 673; x_wconf 73' lang='grc' dir='ltr'>δίο.</span> <span class='ocrx_word' id='word_1_72' title='bbox 470 635 630 671; x_wconf 84' lang='lat' dir='ltr'>Muretus</span> <span class='ocrx_word' id='word_1_73' title='bbox 658 633 824 677; x_wconf 84' lang='lat' dir='ltr'>delebat,</span> <span class='ocrx_word' id='word_1_74' title='bbox 848 645 941 682; x_wconf 85' lang='lat' dir='ltr'>atque</span> <span class='ocrx_word' id='word_1_75' title='bbox 965 646 1053 668; x_wconf 88' lang='lat' dir='ltr'>omne</span> <span class='ocrx_word' id='word_1_76' title='bbox 1083 636 1225 681; x_wconf 78' lang='lat' dir='ltr'>ignotum</span> <span class='ocrx_word' id='word_1_77' title='bbox 1249 647 1307 680; x_wconf 87' lang='lat' dir='ltr'>pro</span> <span class='ocrx_word' id='word_1_78' title='bbox 1329 632 1499 680; x_wconf 78' lang='lat' dir='ltr'>magnifico</span> <span class='ocrx_word' id='word_1_79' title='bbox 1525 633 1578 681; x_wconf 85' lang='lat' dir='ltr'>est.</span> <span class='ocrx_word' id='word_1_80' title='bbox 1602 630 1769 672; x_wconf 72' lang='lat' dir='ltr'>Mu&#39;tabau</span> 
     </span>
     <span class='ocr_line' id='line_1_11' title="bbox 375 683 1764 734; baseline -0.001 -12"><span class='ocrx_word' id='word_1_81' title='bbox 375 684 562 722; x_wconf 86' lang='lat' dir='ltr'>Acidalius</span> <span class='ocrx_word' id='word_1_82' title='bbox 574 713 584 728; x_wconf 92' lang='lat'><em>‚</em></span> <span class='ocrx_word' id='word_1_83' title='bbox 604 687 638 720; x_wconf 84' lang='lat'>&amp;</span> <span class='ocrx_word' id='word_1_84' title='bbox 654 683 819 734; x_wconf 86' lang='lat' dir='ltr'>legebat,</span> <span class='ocrx_word' id='word_1_85' title='bbox 836 683 929 730; x_wconf 79' lang='lat' dir='ltr'>finus</span> <span class='ocrx_word' id='word_1_86' title='bbox 957 683 1053 730; x_wconf 79' lang='lat' dir='ltr'>famae</span> <span class='ocrx_word' id='word_1_87' title='bbox 1077 687 1236 732; x_wconf 84' lang='lat' dir='ltr'>(namque</span> <span class='ocrx_word' id='word_1_88' title='bbox 1252 696 1340 718; x_wconf 86' lang='lat' dir='ltr'>omne</span> <span class='ocrx_word' id='word_1_89' title='bbox 1357 685 1501 728; x_wconf 81' lang='lat' dir='ltr'>ignotum</span> <span class='ocrx_word' id='word_1_90' title='bbox 1514 697 1574 729; x_wconf 84' lang='lat' dir='ltr'>pro</span> <span class='ocrx_word' id='word_1_91' title='bbox 1591 685 1764 732; x_wconf 79' lang='lat' dir='ltr'>magnifico</span> 
     </span>
     <span class='ocr_line' id='line_1_12' title="bbox 375 731 1767 785; baseline 0 -14"><span class='ocrx_word' id='word_1_92' title='bbox 375 736 418 784; x_wconf 87' lang='lat' dir='ltr'>est</span> <span class='ocrx_word' id='word_1_93' title='bbox 434 743 448 779; x_wconf 89' lang='lat'>)</span> <span class='ocrx_word' id='word_1_94' title='bbox 472 738 505 770; x_wconf 87' lang='lat' dir='ltr'>in</span> <span class='ocrx_word' id='word_1_95' title='bbox 519 737 599 770; x_wconf 79' lang='lat' dir='ltr'>hunc</span> <span class='ocrx_word' id='word_1_96' title='bbox 614 735 697 770; x_wconf 83' lang='lat' dir='ltr'>diem</span> <span class='ocrx_word' id='word_1_97' title='bbox 714 734 865 782; x_wconf 78' lang='lat' dir='ltr'><em>defendit.</em></span> <span class='ocrx_word' id='word_1_98' title='bbox 899 735 994 768; x_wconf 82' lang='lat' dir='ltr'>Nunc</span> <span class='ocrx_word' id='word_1_99' title='bbox 1009 736 1160 768; x_wconf 84' lang='lat' dir='ltr'>terminus</span> <span class='ocrx_word' id='word_1_100' title='bbox 1174 760 1184 776; x_wconf 96' lang='lat'>,</span> <span class='ocrx_word' id='word_1_101' title='bbox 1206 735 1272 770; x_wconf 90' lang='lat' dir='ltr'>&amp;c.</span> <span class='ocrx_word' id='word_1_102' title='bbox 1297 731 1428 769; x_wconf 67' lang='lat' dir='ltr'>Melicis</span> <span class='ocrx_word' id='word_1_103' title='bbox 1445 732 1564 769; x_wconf 88' lang='lat' dir='ltr'>adhuc</span> <span class='ocrx_word' id='word_1_104' title='bbox 1580 735 1767 785; x_wconf 73' lang='lat' dir='ltr'>aptiusque</span> 
     </span>
     <span class='ocr_line' id='line_1_13' title="bbox 376 783 1769 834; baseline -0.001 -12"><span class='ocrx_word' id='word_1_105' title='bbox 376 785 575 822; x_wconf 67' lang='lat' dir='ltr'>cohaereret</span> <span class='ocrx_word' id='word_1_106' title='bbox 594 783 732 826; x_wconf 84' lang='lat' dir='ltr'>oratio,</span> <span class='ocrx_word' id='word_1_107' title='bbox 752 783 964 834; x_wconf 86' lang='lat' dir='ltr'>filegeretur</span> <span class='ocrx_word' id='word_1_108' title='bbox 978 811 987 827; x_wconf 91' lang='lat'>‚</span> <span class='ocrx_word' id='word_1_109' title='bbox 1010 785 1078 818; x_wconf 90' lang='lat' dir='ltr'>Nos</span> <span class='ocrx_word' id='word_1_110' title='bbox 1101 795 1258 818; x_wconf 83' lang='lat' dir='ltr'>terrarum</span> <span class='ocrx_word' id='word_1_111' title='bbox 1285 798 1321 819; x_wconf 86' lang='lat' dir='ltr'>ac</span> <span class='ocrx_word' id='word_1_112' title='bbox 1343 783 1501 818; x_wconf 72' lang='lat' dir='ltr'>libertatis</span> <span class='ocrx_word' id='word_1_113' title='bbox 1534 796 1690 820; x_wconf 84' lang='lat' dir='ltr'>extremos</span> <span class='ocrx_word' id='word_1_114' title='bbox 1717 799 1769 822; x_wconf 86' lang='lat' dir='ltr'>re-</span> 
     </span>
     <span class='ocr_line' id='line_1_14' title="bbox 375 833 1768 882; baseline -0.001 -11"><span class='ocrx_word' id='word_1_115' title='bbox 375 850 407 872; x_wconf 82' lang='lat' dir='ltr'>ce</span> <span class='ocrx_word' id='word_1_116' title='bbox 433 850 467 870; x_wconf 80' lang='lat' dir='ltr'>us</span> <span class='ocrx_word' id='word_1_117' title='bbox 488 837 549 882; x_wconf 82' lang='lat' dir='ltr'>ipse</span> <span class='ocrx_word' id='word_1_118' title='bbox 566 848 601 870; x_wconf 85' lang='lat' dir='ltr'>ac</span> <span class='ocrx_word' id='word_1_119' title='bbox 614 835 707 882; x_wconf 75' lang='lat' dir='ltr'>finus</span> <span class='ocrx_word' id='word_1_120' title='bbox 724 835 827 881; x_wconf 84' lang='lat' dir='ltr'>famae</span> <span class='ocrx_word' id='word_1_121' title='bbox 849 838 883 868; x_wconf 88' lang='lat' dir='ltr'>in</span> <span class='ocrx_word' id='word_1_122' title='bbox 903 836 984 869; x_wconf 80' lang='lat' dir='ltr'>hunc</span> <span class='ocrx_word' id='word_1_123' title='bbox 1005 833 1086 868; x_wconf 76' lang='lat' dir='ltr'>diem</span> <span class='ocrx_word' id='word_1_124' title='bbox 1109 833 1277 880; x_wconf 81' lang='lat' dir='ltr'>defendit;</span> <span class='ocrx_word' id='word_1_125' title='bbox 1309 845 1401 881; x_wconf 82' lang='lat' dir='ltr'>atque</span> <span class='ocrx_word' id='word_1_126' title='bbox 1432 847 1520 870; x_wconf 84' lang='lat' dir='ltr'>omne</span> <span class='ocrx_word' id='word_1_127' title='bbox 1541 837 1685 882; x_wconf 79' lang='lat' dir='ltr'>ignotum</span> <span class='ocrx_word' id='word_1_128' title='bbox 1708 848 1768 881; x_wconf 88' lang='lat' dir='ltr'>pro</span> 
     </span>
     <span class='ocr_line' id='line_1_15' title="bbox 375 883 1770 934; baseline -0.001 -13"><span class='ocrx_word' id='word_1_129' title='bbox 375 885 546 934; x_wconf 82' lang='lat' dir='ltr'>magnifico</span> <span class='ocrx_word' id='word_1_130' title='bbox 565 884 618 931; x_wconf 80' lang='lat' dir='ltr'>est.</span> <span class='ocrx_word' id='word_1_131' title='bbox 645 885 706 920; x_wconf 79' lang='lat' dir='ltr'>Sed</span> <span class='ocrx_word' id='word_1_132' title='bbox 724 897 804 919; x_wconf 82' lang='lat' dir='ltr'>nunc</span> <span class='ocrx_word' id='word_1_133' title='bbox 833 886 983 920; x_wconf 82' lang='lat' dir='ltr'>terminus</span> <span class='ocrx_word' id='word_1_134' title='bbox 1009 885 1189 918; x_wconf 74' lang='lat' dir='ltr'>Britannia:</span> <span class='ocrx_word' id='word_1_135' title='bbox 1213 895 1301 929; x_wconf 76' lang='lat' dir='ltr'>patet</span> <span class='ocrx_word' id='word_1_136' title='bbox 1319 899 1333 918; x_wconf 85' lang='lat'>.·</span> <span class='ocrx_word' id='word_1_137' title='bbox 1353 883 1445 918; x_wconf 79' lang='lat' dir='ltr'>nulla</span> <span class='ocrx_word' id='word_1_138' title='bbox 1458 886 1529 931; x_wconf 88' lang='lat' dir='ltr'>jam</span> <span class='ocrx_word' id='word_1_139' title='bbox 1550 886 1637 919; x_wconf 81' lang='lat' dir='ltr'>ultra</span> <span class='ocrx_word' id='word_1_140' title='bbox 1661 897 1737 931; x_wconf 86' lang='lat' dir='ltr'>gens</span> <span class='ocrx_word' id='word_1_141' title='bbox 1754 899 1770 920; x_wconf 76' lang='lat'>.-</span> 
     </span>
     <span class='ocr_line' id='line_1_16' title="bbox 377 933 1773 984; baseline 0 -14"><span class='ocrx_word' id='word_1_142' title='bbox 377 937 457 971; x_wconf 80' lang='lat' dir='ltr'>nihil</span> <span class='ocrx_word' id='word_1_143' title='bbox 481 934 540 982; x_wconf 83' lang='lat' dir='ltr'>nist</span> <span class='ocrx_word' id='word_1_144' title='bbox 552 935 697 983; x_wconf 63' lang='lat' dir='ltr'>stabius,</span> <span class='ocrx_word' id='word_1_145' title='bbox 715 936 782 970; x_wconf 68' lang='grc' dir='ltr'>δερ.</span> <span class='ocrx_word' id='word_1_146' title='bbox 811 933 941 983; x_wconf 89' lang='lat' dir='ltr'>Sicque</span> <span class='ocrx_word' id='word_1_147' title='bbox 958 934 1098 970; x_wconf 72' lang='lat' dir='ltr'>vertere</span> <span class='ocrx_word' id='word_1_148' title='bbox 1122 933 1258 970; x_wconf 85' lang='lat' dir='ltr'>Gallici</span> <span class='ocrx_word' id='word_1_149' title='bbox 1282 934 1490 982; x_wconf 82' lang='lat' dir='ltr'>interpretes</span> <span class='ocrx_word' id='word_1_150' title='bbox 1512 933 1583 969; x_wconf 89' lang='lat' dir='ltr'>Cll.</span> <span class='ocrx_word' id='word_1_151' title='bbox 1601 935 1736 984; x_wconf 88' lang='lat' dir='ltr'>Brueys</span> <span class='ocrx_word' id='word_1_152' title='bbox 1758 960 1773 979; x_wconf 88' lang='lat'><em>‚</em></span> 
     </span>
     <span class='ocr_line' id='line_1_17' title="bbox 377 982 1770 1034; baseline -0.001 -12"><span class='ocrx_word' id='word_1_153' title='bbox 377 984 515 1022; x_wconf 81' lang='lat' dir='ltr'>Guerin</span> <span class='ocrx_word' id='word_1_154' title='bbox 530 1011 541 1028; x_wconf 93' lang='lat'><em>‚</em></span> <span class='ocrx_word' id='word_1_155' title='bbox 574 985 618 1021; x_wconf 91' lang='lat' dir='ltr'>de</span> <span class='ocrx_word' id='word_1_156' title='bbox 640 983 676 1019; x_wconf 87' lang='lat' dir='ltr'>la</span> <span class='ocrx_word' id='word_1_157' title='bbox 693 983 859 1021; x_wconf 89' lang='lat' dir='ltr'>Bleterie.</span> <span class='ocrx_word' id='word_1_158' title='bbox 884 984 1081 1034; x_wconf 84' lang='lat' dir='ltr'>Vulgatum</span> <span class='ocrx_word' id='word_1_159' title='bbox 1099 983 1264 1021; x_wconf 86' lang='lat' dir='ltr'>ordinem</span> <span class='ocrx_word' id='word_1_160' title='bbox 1280 982 1427 1021; x_wconf 86' lang='lat' dir='ltr'>retinuit</span> <span class='ocrx_word' id='word_1_161' title='bbox 1441 983 1499 1019; x_wconf 90' lang='lat' dir='ltr'>Cl.</span> <span class='ocrx_word' id='word_1_162' title='bbox 1516 983 1674 1021; x_wconf 82' lang='lat' dir='ltr'>Gordon</span> <span class='ocrx_word' id='word_1_163' title='bbox 1686 1012 1697 1028; x_wconf 94' lang='lat'>,</span> <span class='ocrx_word' id='word_1_164' title='bbox 1717 990 1770 1020; x_wconf 79' lang='lat' dir='ltr'>At</span> 
     </span>
     <span class='ocr_line' id='line_1_18' title="bbox 369 1033 1768 1082; baseline 0 -12"><span class='ocrx_word' id='word_1_165' title='bbox 369 1037 496 1082; x_wconf 82' lang='lat' dir='ltr'>present</span> <span class='ocrx_word' id='word_1_166' title='bbox 521 1037 570 1070; x_wconf 85' lang='lat' dir='ltr'>the</span> <span class='ocrx_word' id='word_1_167' title='bbox 596 1034 709 1082; x_wconf 81' lang='lat' dir='ltr'>utmost</span> <span class='ocrx_word' id='word_1_168' title='bbox 729 1035 891 1082; x_wconf 79' lang='lat' dir='ltr'>boundary</span> <span class='ocrx_word' id='word_1_169' title='bbox 917 1036 1095 1082; x_wconf 81' lang='lat' dir='ltr'>ofBritain</span> <span class='ocrx_word' id='word_1_170' title='bbox 1117 1036 1142 1069; x_wconf 80' lang='lat' dir='ltr'>is</span> <span class='ocrx_word' id='word_1_171' title='bbox 1161 1035 1228 1070; x_wconf 83' lang='lat' dir='ltr'>laid</span> <span class='ocrx_word' id='word_1_172' title='bbox 1251 1048 1356 1081; x_wconf 77' lang='lat' dir='ltr'>open5</span> <span class='ocrx_word' id='word_1_173' title='bbox 1387 1033 1450 1068; x_wconf 87' lang='lat' dir='ltr'>and</span> <span class='ocrx_word' id='word_1_174' title='bbox 1475 1045 1505 1069; x_wconf 84' lang='lat' dir='ltr'>to</span> <span class='ocrx_word' id='word_1_175' title='bbox 1529 1046 1662 1082; x_wconf 80' lang='lat' dir='ltr'>conquer</span> <span class='ocrx_word' id='word_1_176' title='bbox 1675 1046 1768 1081; x_wconf 82' lang='lat' dir='ltr'>parts</span> 
     </span>
     <span class='ocr_line' id='line_1_19' title="bbox 375 1083 1769 1133; baseline 0.001 -14"><span class='ocrx_word' id='word_1_177' title='bbox 375 1085 554 1128; x_wconf 81' lang='lat' dir='ltr'>unknown,</span> <span class='ocrx_word' id='word_1_178' title='bbox 582 1087 608 1119; x_wconf 88' lang='lat' dir='ltr'>is</span> <span class='ocrx_word' id='word_1_179' title='bbox 628 1085 760 1133; x_wconf 74' lang='lat' dir='ltr'>thought</span> <span class='ocrx_word' id='word_1_180' title='bbox 786 1096 903 1120; x_wconf 81' lang='lat' dir='ltr'>matter</span> <span class='ocrx_word' id='word_1_181' title='bbox 934 1085 974 1131; x_wconf 83' lang='lat' dir='ltr'>of</span> <span class='ocrx_word' id='word_1_182' title='bbox 987 1095 1080 1132; x_wconf 82' lang='lat' dir='ltr'>great</span> <span class='ocrx_word' id='word_1_183' title='bbox 1105 1097 1200 1130; x_wconf 76' lang='lat' dir='ltr'>pomp</span> <span class='ocrx_word' id='word_1_184' title='bbox 1242 1085 1305 1120; x_wconf 91' lang='lat' dir='ltr'>and</span> <span class='ocrx_word' id='word_1_185' title='bbox 1337 1083 1490 1132; x_wconf 78' lang='lat' dir='ltr'>beasting.</span> <span class='ocrx_word' id='word_1_186' title='bbox 1514 1085 1643 1132; x_wconf 82' lang='lat' dir='ltr'>Beyond</span> <span class='ocrx_word' id='word_1_187' title='bbox 1677 1098 1710 1120; x_wconf 85' lang='lat' dir='ltr'>us</span> <span class='ocrx_word' id='word_1_188' title='bbox 1729 1097 1769 1120; x_wconf 85' lang='lat' dir='ltr'>no</span> 
     </span>
     <span class='ocr_line' id='line_1_20' title="bbox 375 1132 1767 1182; baseline -0.001 -12"><span class='ocrx_word' id='word_1_189' title='bbox 375 1149 461 1170; x_wconf 85' lang='lat' dir='ltr'>more</span> <span class='ocrx_word' id='word_1_190' title='bbox 481 1135 591 1180; x_wconf 83' lang='lat' dir='ltr'>people</span> <span class='ocrx_word' id='word_1_191' title='bbox 620 1147 672 1169; x_wconf 80' lang='lat' dir='ltr'>are</span> <span class='ocrx_word' id='word_1_192' title='bbox 694 1134 803 1181; x_wconf 79' lang='lat' dir='ltr'>fhund</span> <span class='ocrx_word' id='word_1_193' title='bbox 818 1162 826 1174; x_wconf 95' lang='lat'><strong><em>,</em></strong></span> <span class='ocrx_word' id='word_1_194' title='bbox 855 1147 912 1169; x_wconf 89' lang='lat' dir='ltr'>nor</span> <span class='ocrx_word' id='word_1_195' title='bbox 933 1136 1033 1182; x_wconf 81' lang='lat' dir='ltr'>auglzt</span> <span class='ocrx_word' id='word_1_196' title='bbox 1047 1134 1130 1180; x_wconf 74' lang='lat' dir='ltr'>save</span> <span class='ocrx_word' id='word_1_197' title='bbox 1147 1136 1218 1180; x_wconf 71' lang='lat' dir='ltr'>fias</span> <span class='ocrx_word' id='word_1_198' title='bbox 1242 1134 1306 1169; x_wconf 86' lang='lat' dir='ltr'>and</span> <span class='ocrx_word' id='word_1_199' title='bbox 1327 1132 1414 1169; x_wconf 72' lang='lat' dir='ltr'>rocks</span> <span class='ocrx_word' id='word_1_200' title='bbox 1434 1146 1447 1174; x_wconf 92' lang='lat'>‚·</span> <span class='ocrx_word' id='word_1_201' title='bbox 1470 1134 1534 1168; x_wconf 90' lang='lat' dir='ltr'>and</span> <span class='ocrx_word' id='word_1_202' title='bbox 1563 1135 1696 1182; x_wconf 83' lang='lat' dir='ltr'>already</span> <span class='ocrx_word' id='word_1_203' title='bbox 1716 1136 1767 1169; x_wconf 83' lang='lat' dir='ltr'>the</span> 
     </span>
     <span class='ocr_line' id='line_1_21' title="bbox 374 1182 1767 1232; baseline 0.001 -13"><span class='ocrx_word' id='word_1_204' title='bbox 374 1185 516 1220; x_wconf 85' lang='lat' dir='ltr'>Romans</span> <span class='ocrx_word' id='word_1_205' title='bbox 534 1186 614 1219; x_wconf 71' lang='lat' dir='ltr'>have</span> <span class='ocrx_word' id='word_1_206' title='bbox 629 1184 792 1219; x_wconf 82' lang='lat' dir='ltr'>advanced</span> <span class='ocrx_word' id='word_1_207' title='bbox 811 1186 878 1219; x_wconf 87' lang='lat' dir='ltr'>into</span> <span class='ocrx_word' id='word_1_208' title='bbox 900 1185 950 1219; x_wconf 85' lang='lat' dir='ltr'>the</span> <span class='ocrx_word' id='word_1_209' title='bbox 975 1186 1065 1219; x_wconf 82' lang='lat' dir='ltr'>heart</span> <span class='ocrx_word' id='word_1_210' title='bbox 1088 1183 1194 1230; x_wconf 84' lang='lat' dir='ltr'>ofour</span> <span class='ocrx_word' id='word_1_211' title='bbox 1218 1196 1362 1232; x_wconf 77' lang='lat' dir='ltr'>country.</span> <span class='ocrx_word' id='word_1_212' title='bbox 1393 1182 1484 1218; x_wconf 85' lang='lat' dir='ltr'>Haec</span> <span class='ocrx_word' id='word_1_213' title='bbox 1511 1182 1688 1231; x_wconf 86' lang='lat' dir='ltr'>postrema</span> <span class='ocrx_word' id='word_1_214' title='bbox 1716 1184 1767 1220; x_wconf 82' lang='lat' dir='ltr'>ita</span> 
     </span>
     <span class='ocr_line' id='line_1_22' title="bbox 376 1231 1769 1284; baseline -0.001 -13"><span class='ocrx_word' id='word_1_215' title='bbox 376 1234 484 1271; x_wconf 81' lang='lat' dir='ltr'>vertit</span> <span class='ocrx_word' id='word_1_216' title='bbox 499 1262 508 1277; x_wconf 92' lang='lat'><em>‚</em></span> <span class='ocrx_word' id='word_1_217' title='bbox 534 1233 632 1283; x_wconf 68' lang='lat' dir='ltr'>quod</span> <span class='ocrx_word' id='word_1_218' title='bbox 645 1246 714 1282; x_wconf 85' lang='lat' dir='ltr'>pro</span> <span class='ocrx_word' id='word_1_219' title='bbox 730 1233 900 1282; x_wconf 86' lang='lat' dir='ltr'>infestiores</span> <span class='ocrx_word' id='word_1_220' title='bbox 918 1234 1076 1277; x_wconf 85' lang='lat' dir='ltr'>Romani,</span> <span class='ocrx_word' id='word_1_221' title='bbox 1091 1243 1178 1269; x_wconf 90' lang='lat' dir='ltr'>tunc</span> <span class='ocrx_word' id='word_1_222' title='bbox 1194 1232 1233 1270; x_wconf 92' lang='lat' dir='ltr'>in</span> <span class='ocrx_word' id='word_1_223' title='bbox 1248 1233 1371 1270; x_wconf 83' lang='lat' dir='ltr'>Taciti</span> <span class='ocrx_word' id='word_1_224' title='bbox 1394 1231 1615 1269; x_wconf 88' lang='lat' dir='ltr'>editionibus</span> <span class='ocrx_word' id='word_1_225' title='bbox 1636 1233 1769 1284; x_wconf 84' lang='lat' dir='ltr'>legere-</span> 
     </span>
     <span class='ocr_line' id='line_1_23' title="bbox 377 1285 812 1328; baseline 0 -8"><span class='ocrx_word' id='word_1_226' title='bbox 377 1295 435 1321; x_wconf 88' lang='lat' dir='ltr'>tur</span> <span class='ocrx_word' id='word_1_227' title='bbox 448 1313 457 1328; x_wconf 89' lang='lat'>,</span> <span class='ocrx_word' id='word_1_228' title='bbox 487 1287 651 1319; x_wconf 82' lang='lat' dir='ltr'>interiores</span> <span class='ocrx_word' id='word_1_229' title='bbox 662 1285 812 1320; x_wconf 86' lang='lat' dir='ltr'>Romani.</span> 
     </span>
    </p>

    <p class='ocr_par' dir='ltr' id='par_1_6' title="bbox 376 1331 1771 1521">
     <span class='ocr_line' id='line_1_24' title="bbox 424 1331 1768 1383; baseline 0 -14"><span class='ocrx_word' id='word_1_230' title='bbox 424 1334 674 1370; x_wconf 77' lang='lat' dir='ltr'>INFESTIORES</span> <span class='ocrx_word' id='word_1_231' title='bbox 703 1335 864 1369; x_wconf 53' lang='lat' dir='ltr'>Romam</span> <span class='ocrx_word' id='word_1_232' title='bbox 888 1337 905 1378; x_wconf 97' lang='lat'>]</span> <span class='ocrx_word' id='word_1_233' title='bbox 934 1333 1086 1382; x_wconf 78' lang='lat' dir='ltr'>Optime</span> <span class='ocrx_word' id='word_1_234' title='bbox 1104 1332 1168 1368; x_wconf 90' lang='lat' dir='ltr'>Ms.</span> <span class='ocrx_word' id='word_1_235' title='bbox 1189 1331 1308 1369; x_wconf 84' lang='lat' dir='ltr'>Vatic.</span> <span class='ocrx_word' id='word_1_236' title='bbox 1331 1344 1441 1380; x_wconf 70' lang='lat'>3429.</span> <span class='ocrx_word' id='word_1_237' title='bbox 1461 1333 1521 1369; x_wconf 89' lang='lat' dir='ltr'>Sic</span> <span class='ocrx_word' id='word_1_238' title='bbox 1539 1345 1684 1383; x_wconf 88' lang='lat' dir='ltr'>quoque</span> <span class='ocrx_word' id='word_1_239' title='bbox 1702 1346 1768 1370; x_wconf 89' lang='lat' dir='ltr'>vo-</span> 
     </span>
     <span class='ocr_line' id='line_1_25' title="bbox 376 1382 1769 1431; baseline 0 -11"><span class='ocrx_word' id='word_1_240' title='bbox 376 1384 473 1420; x_wconf 87' lang='lat' dir='ltr'>lebat</span> <span class='ocrx_word' id='word_1_241' title='bbox 495 1384 698 1420; x_wconf 77' lang='lat' dir='ltr'>Rhenanus.</span> <span class='ocrx_word' id='word_1_242' title='bbox 722 1384 766 1419; x_wconf 92' lang='lat' dir='ltr'>In</span> <span class='ocrx_word' id='word_1_243' title='bbox 799 1382 979 1419; x_wconf 82' lang='lat' dir='ltr'>veteribus</span> <span class='ocrx_word' id='word_1_244' title='bbox 1011 1382 1232 1419; x_wconf 89' lang='lat' dir='ltr'>editionibus</span> <span class='ocrx_word' id='word_1_245' title='bbox 1248 1407 1256 1422; x_wconf 89' lang='lat'><strong>‚</strong></span> <span class='ocrx_word' id='word_1_246' title='bbox 1292 1383 1481 1429; x_wconf 75' lang='lat' dir='ltr'>inferiores:</span> <span class='ocrx_word' id='word_1_247' title='bbox 1507 1383 1602 1419; x_wconf 86' lang='lat' dir='ltr'>unde</span> <span class='ocrx_word' id='word_1_248' title='bbox 1631 1383 1769 1431; x_wconf 80' lang='lat' dir='ltr'>Lipfius</span> 
     </span>
     <span class='ocr_line' id='line_1_26' title="bbox 378 1431 1771 1481; baseline -0.001 -11"><span class='ocrx_word' id='word_1_249' title='bbox 378 1433 622 1481; x_wconf 80' lang='lat' dir='ltr'>conjiciebat,</span> <span class='ocrx_word' id='word_1_250' title='bbox 650 1436 688 1468; x_wconf 89' lang='lat' dir='ltr'>iis</span> <span class='ocrx_word' id='word_1_251' title='bbox 703 1434 852 1480; x_wconf 83' lang='lat' dir='ltr'>seriores.</span> <span class='ocrx_word' id='word_1_252' title='bbox 875 1433 971 1468; x_wconf 79' lang='lat' dir='ltr'>Male</span> <span class='ocrx_word' id='word_1_253' title='bbox 996 1433 1222 1470; x_wconf 85' lang='lat' dir='ltr'>emendatum</span> <span class='ocrx_word' id='word_1_254' title='bbox 1243 1432 1281 1467; x_wconf 87' lang='lat' dir='ltr'>in</span> <span class='ocrx_word' id='word_1_255' title='bbox 1304 1431 1424 1467; x_wconf 82' lang='lat' dir='ltr'>multis</span> <span class='ocrx_word' id='word_1_256' title='bbox 1449 1432 1695 1477; x_wconf 86' lang='lat' dir='ltr'>editionibus,</span> <span class='ocrx_word' id='word_1_257' title='bbox 1721 1436 1771 1469; x_wconf 85' lang='lat' dir='ltr'>in-</span> 
     </span>
     <span class='ocr_line' id='line_1_27' title="bbox 379 1484 683 1521; baseline -0.01 0"><span class='ocrx_word' id='word_1_258' title='bbox 379 1488 507 1521; x_wconf 81' lang='lat' dir='ltr'>teriores</span> <span class='ocrx_word' id='word_1_259' title='bbox 531 1484 683 1518; x_wconf 80' lang='lat' dir='ltr'>Romani.</span> 
     </span>
    </p>

    <p class='ocr_par' dir='ltr' id='par_1_7' title="bbox 379 1530 1771 1632">
     <span class='ocr_line' id='line_1_28' title="bbox 432 1530 1771 1583; baseline 0.001 -14"><span class='ocrx_word' id='word_1_260' title='bbox 432 1533 622 1569; x_wconf 73' lang='lat' dir='ltr'><strong>DEFUERE</strong></span> <span class='ocrx_word' id='word_1_261' title='bbox 652 1545 792 1569; x_wconf 79' lang='lat' dir='ltr'>TERRAE</span> <span class='ocrx_word' id='word_1_262' title='bbox 813 1537 830 1580; x_wconf 97' lang='lat'><em>]</em></span> <span class='ocrx_word' id='word_1_263' title='bbox 857 1533 954 1570; x_wconf 84' lang='lat' dir='ltr'>Bene</span> <span class='ocrx_word' id='word_1_264' title='bbox 971 1533 1164 1569; x_wconf 83' lang='lat' dir='ltr'>Rhenanus</span> <span class='ocrx_word' id='word_1_265' title='bbox 1182 1535 1214 1569; x_wconf 72' lang='grc' dir='ltr'>ὃς</span> <span class='ocrx_word' id='word_1_266' title='bbox 1232 1530 1478 1569; x_wconf 81' lang='lat' dir='ltr'>Recentiores.</span> <span class='ocrx_word' id='word_1_267' title='bbox 1502 1531 1691 1583; x_wconf 86' lang='lat' dir='ltr'>Perperam</span> <span class='ocrx_word' id='word_1_268' title='bbox 1708 1545 1771 1570; x_wconf 84' lang='lat' dir='ltr'>ve-</span> 
     </span>
     <span class='ocr_line' id='line_1_29' title="bbox 379 1583 1116 1632; baseline -0.003 -11"><span class='ocrx_word' id='word_1_269' title='bbox 379 1595 470 1621; x_wconf 85' lang='lat' dir='ltr'>teres</span> <span class='ocrx_word' id='word_1_270' title='bbox 493 1583 671 1620; x_wconf 88' lang='lat' dir='ltr'>editiones</span> <span class='ocrx_word' id='word_1_271' title='bbox 683 1611 694 1627; x_wconf 88' lang='lat'>,</span> <span class='ocrx_word' id='word_1_272' title='bbox 711 1584 835 1632; x_wconf 80' lang='lat' dir='ltr'>defuere</span> <span class='ocrx_word' id='word_1_273' title='bbox 851 1598 865 1618; x_wconf 91' lang='grc'>.·</span> <span class='ocrx_word' id='word_1_274' title='bbox 882 1595 999 1619; x_wconf 86' lang='lat' dir='ltr'>terram</span> <span class='ocrx_word' id='word_1_275' title='bbox 1012 1611 1022 1627; x_wconf 86' lang='grc'>,</span> <span class='ocrx_word' id='word_1_276' title='bbox 1047 1586 1116 1620; x_wconf 83' lang='lat' dir='ltr'>&amp;c.</span> 
     </span>
    </p>
   </div>
   <div class='ocr_carea' id='block_1_3' title="bbox 375 1680 1771 2432">
    <p class='ocr_par' dir='ltr' id='par_1_8' title="bbox 431 1680 1768 1732">
     <span class='ocr_line' id='line_1_30' title="bbox 431 1680 1768 1732; baseline 0.002 -14"><span class='ocrx_word' id='word_1_277' title='bbox 431 1681 539 1718; x_wconf 89' lang='lat' dir='ltr'><strong>CAP.</strong></span> <span class='ocrx_word' id='word_1_278' title='bbox 569 1680 697 1717; x_wconf 81' lang='lat' dir='ltr'>XXXI.</span> <span class='ocrx_word' id='word_1_279' title='bbox 725 1680 812 1716; x_wconf 75' lang='lat' dir='ltr'>Em</span> <span class='ocrx_word' id='word_1_280' title='bbox 838 1694 1040 1718; x_wconf 75' lang='lat' dir='ltr'>LIBIDINEM</span> <span class='ocrx_word' id='word_1_281' title='bbox 1056 1686 1073 1728; x_wconf 97' lang='lat'>]</span> <span class='ocrx_word' id='word_1_282' title='bbox 1094 1682 1161 1719; x_wconf 88' lang='lat' dir='ltr'>Ms.</span> <span class='ocrx_word' id='word_1_283' title='bbox 1176 1683 1296 1720; x_wconf 88' lang='lat' dir='ltr'>Vatic.</span> <span class='ocrx_word' id='word_1_284' title='bbox 1316 1695 1414 1732; x_wconf 77' lang='lat'>3429</span> <span class='ocrx_word' id='word_1_285' title='bbox 1426 1711 1436 1728; x_wconf 86' lang='lat'>‚</span> <span class='ocrx_word' id='word_1_286' title='bbox 1454 1683 1577 1731; x_wconf 82' lang='lat' dir='ltr'>etiamst</span> <span class='ocrx_word' id='word_1_287' title='bbox 1593 1684 1768 1721; x_wconf 80' lang='lat' dir='ltr'>libidinem.</span> 
     </span>
    </p>

    <p class='ocr_par' dir='ltr' id='par_1_9' title="bbox 375 1733 1769 2030">
     <span class='ocr_line' id='line_1_31' title="bbox 427 1733 1768 1777; baseline 0.001 -9"><span class='ocrx_word' id='word_1_288' title='bbox 427 1733 542 1768; x_wconf 79' lang='lat' dir='ltr'>BONA</span> <span class='ocrx_word' id='word_1_289' title='bbox 571 1743 853 1773; x_wconf 74' lang='lat' dir='ltr'><strong>FORTUNASQUE</strong></span> <span class='ocrx_word' id='word_1_290' title='bbox 881 1744 921 1767; x_wconf 85' lang='lat' dir='ltr'>IN</span> <span class='ocrx_word' id='word_1_291' title='bbox 951 1744 1156 1768; x_wconf 62' lang='lat' dir='ltr'>TileUTuM</span> <span class='ocrx_word' id='word_1_292' title='bbox 1184 1744 1365 1769; x_wconf 78' lang='lat' dir='ltr'>EGERUNT</span> <span class='ocrx_word' id='word_1_293' title='bbox 1395 1746 1406 1776; x_wconf 82' lang='lat'><em>3</em></span> <span class='ocrx_word' id='word_1_294' title='bbox 1459 1745 1499 1769; x_wconf 77' lang='lat' dir='ltr'>IN</span> <span class='ocrx_word' id='word_1_295' title='bbox 1527 1745 1728 1769; x_wconf 81' lang='lat' dir='ltr'>ANNONAM</span> <span class='ocrx_word' id='word_1_296' title='bbox 1757 1765 1768 1777; x_wconf 90' lang='lat'>,</span> 
     </span>
     <span class='ocr_line' id='line_1_32' title="bbox 378 1779 1769 1832; baseline 0.001 -13"><span class='ocrx_word' id='word_1_297' title='bbox 378 1786 659 1827; x_wconf 79' lang='lat' dir='ltr'>FRUMENTUM]</span> <span class='ocrx_word' id='word_1_298' title='bbox 690 1779 746 1816; x_wconf 87' lang='lat' dir='ltr'>Ita</span> <span class='ocrx_word' id='word_1_299' title='bbox 768 1781 960 1818; x_wconf 78' lang='lat' dir='ltr'>Rhenanus</span> <span class='ocrx_word' id='word_1_300' title='bbox 978 1786 1012 1818; x_wconf 70' lang='grc' dir='ltr'>ὃς</span> <span class='ocrx_word' id='word_1_301' title='bbox 1028 1782 1275 1819; x_wconf 85' lang='lat' dir='ltr'>Recentiores.</span> <span class='ocrx_word' id='word_1_302' title='bbox 1297 1781 1480 1832; x_wconf 77' lang='lat' dir='ltr'>Corrupte</span> <span class='ocrx_word' id='word_1_303' title='bbox 1503 1782 1541 1818; x_wconf 91' lang='lat' dir='ltr'>in</span> <span class='ocrx_word' id='word_1_304' title='bbox 1559 1782 1625 1818; x_wconf 91' lang='lat' dir='ltr'>Ms.</span> <span class='ocrx_word' id='word_1_305' title='bbox 1646 1785 1769 1821; x_wconf 71' lang='lat' dir='ltr'>Vatic-</span> 
     </span>
     <span class='ocr_line' id='line_1_33' title="bbox 381 1832 1768 1881; baseline 0.002 -14"><span class='ocrx_word' id='word_1_306' title='bbox 381 1844 480 1881; x_wconf 71' lang='lat'>3429</span> <span class='ocrx_word' id='word_1_307' title='bbox 498 1859 507 1875; x_wconf 81' lang='lat'>,</span> <span class='ocrx_word' id='word_1_308' title='bbox 532 1832 618 1866; x_wconf 79' lang='lat' dir='ltr'>honae</span> <span class='ocrx_word' id='word_1_309' title='bbox 634 1832 778 1879; x_wconf 81' lang='lat' dir='ltr'>sortunae</span> <span class='ocrx_word' id='word_1_310' title='bbox 797 1845 864 1878; x_wconf 83' lang='lat' dir='ltr'>quae</span> <span class='ocrx_word' id='word_1_311' title='bbox 889 1835 923 1868; x_wconf 88' lang='lat' dir='ltr'>in</span> <span class='ocrx_word' id='word_1_312' title='bbox 947 1834 1102 1868; x_wconf 81' lang='lat' dir='ltr'>tributum</span> <span class='ocrx_word' id='word_1_313' title='bbox 1123 1844 1258 1881; x_wconf 76' lang='lat' dir='ltr'>aggerat</span> <span class='ocrx_word' id='word_1_314' title='bbox 1279 1836 1403 1868; x_wconf 82' lang='lat' dir='ltr'>animus</span> <span class='ocrx_word' id='word_1_315' title='bbox 1429 1837 1462 1868; x_wconf 89' lang='lat' dir='ltr'>in</span> <span class='ocrx_word' id='word_1_316' title='bbox 1479 1833 1681 1880; x_wconf 75' lang='lat' dir='ltr'>frumentum</span> <span class='ocrx_word' id='word_1_317' title='bbox 1699 1837 1768 1872; x_wconf 87' lang='lat' dir='ltr'>&amp;c.</span> 
     </span>
     <span class='ocr_line' id='line_1_34' title="bbox 378 1880 1768 1932; baseline 0 -14"><span class='ocrx_word' id='word_1_318' title='bbox 378 1883 423 1918; x_wconf 87' lang='lat' dir='ltr'>In</span> <span class='ocrx_word' id='word_1_319' title='bbox 440 1881 662 1918; x_wconf 86' lang='lat' dir='ltr'>editionibus</span> <span class='ocrx_word' id='word_1_320' title='bbox 687 1880 865 1918; x_wconf 87' lang='lat' dir='ltr'>veteribus</span> <span class='ocrx_word' id='word_1_321' title='bbox 879 1908 889 1925; x_wconf 82' lang='lat'>‚</span> <span class='ocrx_word' id='word_1_322' title='bbox 915 1883 995 1918; x_wconf 86' lang='lat' dir='ltr'>bona</span> <span class='ocrx_word' id='word_1_323' title='bbox 1007 1883 1144 1930; x_wconf 80' lang='lat' dir='ltr'>fortuna</span> <span class='ocrx_word' id='word_1_324' title='bbox 1159 1896 1226 1931; x_wconf 84' lang='lat' dir='ltr'>quae</span> <span class='ocrx_word' id='word_1_325' title='bbox 1243 1885 1276 1918; x_wconf 85' lang='lat' dir='ltr'>in</span> <span class='ocrx_word' id='word_1_326' title='bbox 1303 1884 1456 1918; x_wconf 81' lang='lat' dir='ltr'>tributum</span> <span class='ocrx_word' id='word_1_327' title='bbox 1480 1894 1588 1932; x_wconf 77' lang='lat' dir='ltr'>agerat</span> <span class='ocrx_word' id='word_1_328' title='bbox 1617 1896 1718 1919; x_wconf 84' lang='lat' dir='ltr'>annus</span> <span class='ocrx_word' id='word_1_329' title='bbox 1733 1887 1768 1918; x_wconf 84' lang='lat' dir='ltr'>in</span> 
     </span>
     <span class='ocr_line' id='line_1_35' title="bbox 375 1931 1768 1984; baseline 0.001 -18"><span class='ocrx_word' id='word_1_330' title='bbox 375 1933 587 1980; x_wconf 79' lang='lat' dir='ltr'>frumentum.</span> <span class='ocrx_word' id='word_1_331' title='bbox 611 1931 720 1968; x_wconf 91' lang='lat' dir='ltr'>Unde</span> <span class='ocrx_word' id='word_1_332' title='bbox 744 1931 900 1980; x_wconf 72' lang='lat' dir='ltr'>suspeaa</span> <span class='ocrx_word' id='word_1_333' title='bbox 925 1945 1023 1976; x_wconf 82' lang='lat' dir='ltr'>VOX‚</span> <span class='ocrx_word' id='word_1_334' title='bbox 1050 1944 1202 1982; x_wconf 81' lang='lat' dir='ltr'>egerunt,·</span> <span class='ocrx_word' id='word_1_335' title='bbox 1230 1934 1263 1969; x_wconf 71' lang='grc' dir='ltr'>δε</span> <span class='ocrx_word' id='word_1_336' title='bbox 1289 1931 1313 1967; x_wconf 85' lang='lat' dir='ltr'>fi</span> <span class='ocrx_word' id='word_1_337' title='bbox 1336 1933 1423 1983; x_wconf 85' lang='lat' dir='ltr'>quid</span> <span class='ocrx_word' id='word_1_338' title='bbox 1453 1932 1594 1969; x_wconf 87' lang='lat' dir='ltr'>felicius</span> <span class='ocrx_word' id='word_1_339' title='bbox 1616 1933 1768 1984; x_wconf 77' lang='lat' dir='ltr'>excogi-</span> 
     </span>
     <span class='ocr_line' id='line_1_36' title="bbox 383 1981 827 2030; baseline 0 -13"><span class='ocrx_word' id='word_1_340' title='bbox 383 1993 513 2018; x_wconf 87' lang='lat' dir='ltr'>taretur</span> <span class='ocrx_word' id='word_1_341' title='bbox 529 2009 538 2025; x_wconf 83' lang='lat'>‚</span> <span class='ocrx_word' id='word_1_342' title='bbox 566 1981 827 2030; x_wconf 87' lang='lat' dir='ltr'>reponendum.</span> 
     </span>
    </p>

    <p class='ocr_par' dir='ltr' id='par_1_10' title="bbox 377 2031 1763 2124">
     <span class='ocr_line' id='line_1_37' title="bbox 428 2031 1763 2081; baseline 0 -14"><span class='ocrx_word' id='word_1_343' title='bbox 428 2032 551 2067; x_wconf 73' lang='lat' dir='ltr'>INTER</span> <span class='ocrx_word' id='word_1_344' title='bbox 578 2044 755 2068; x_wconf 82' lang='lat' dir='ltr'>VERBERA</span> <span class='ocrx_word' id='word_1_345' title='bbox 778 2035 795 2077; x_wconf 93' lang='lat'>]</span> <span class='ocrx_word' id='word_1_346' title='bbox 822 2032 879 2067; x_wconf 87' lang='lat' dir='ltr'>Ita</span> <span class='ocrx_word' id='word_1_347' title='bbox 901 2031 966 2068; x_wconf 91' lang='lat' dir='ltr'>Ms.</span> <span class='ocrx_word' id='word_1_348' title='bbox 988 2032 1106 2070; x_wconf 78' lang='lat' dir='ltr'>vatic.</span> <span class='ocrx_word' id='word_1_349' title='bbox 1125 2044 1237 2081; x_wconf 79' lang='lat'>3429.</span> <span class='ocrx_word' id='word_1_350' title='bbox 1259 2032 1302 2068; x_wconf 93' lang='lat' dir='ltr'>In</span> <span class='ocrx_word' id='word_1_351' title='bbox 1323 2032 1502 2069; x_wconf 87' lang='lat' dir='ltr'>veteribus</span> <span class='ocrx_word' id='word_1_352' title='bbox 1520 2031 1763 2075; x_wconf 86' lang='lat' dir='ltr'>editionibus,</span> 
     </span>
     <span class='ocr_line' id='line_1_38' title="bbox 377 2081 1763 2124; baseline 0.001 -7"><span class='ocrx_word' id='word_1_353' title='bbox 377 2083 508 2117; x_wconf 72' lang='lat' dir='ltr'>verbera</span> <span class='ocrx_word' id='word_1_354' title='bbox 525 2083 715 2117; x_wconf 82' lang='lat' dir='ltr'>emuniendis</span> <span class='ocrx_word' id='word_1_355' title='bbox 733 2085 825 2117; x_wconf 70' lang='lat' dir='ltr'>inter.</span> <span class='ocrx_word' id='word_1_356' title='bbox 851 2081 952 2118; x_wconf 87' lang='lat' dir='ltr'>Hinc</span> <span class='ocrx_word' id='word_1_357' title='bbox 969 2082 1200 2119; x_wconf 81' lang='lat' dir='ltr'>Recentiores</span> <span class='ocrx_word' id='word_1_358' title='bbox 1213 2108 1222 2124; x_wconf 92' lang='lat'><strong>,</strong></span> <span class='ocrx_word' id='word_1_359' title='bbox 1242 2084 1372 2119; x_wconf 69' lang='lat' dir='ltr'>verbera</span> <span class='ocrx_word' id='word_1_360' title='bbox 1391 2085 1474 2118; x_wconf 76' lang='lat' dir='ltr'>inter</span> <span class='ocrx_word' id='word_1_361' title='bbox 1492 2096 1528 2118; x_wconf 85' lang='lat' dir='ltr'>ac</span> <span class='ocrx_word' id='word_1_362' title='bbox 1544 2083 1763 2118; x_wconf 81' lang='lat' dir='ltr'>contumelias.</span> 
     </span>
    </p>

    <p class='ocr_par' dir='ltr' id='par_1_11' title="bbox 379 2130 1761 2228">
     <span class='ocr_line' id='line_1_39' title="bbox 423 2130 1761 2182; baseline 0.001 -17"><span class='ocrx_word' id='word_1_363' title='bbox 423 2130 479 2166; x_wconf 81' lang='lat' dir='ltr'>ET</span> <span class='ocrx_word' id='word_1_364' title='bbox 509 2144 715 2168; x_wconf 66' lang='lat' dir='ltr'>consmws</span> <span class='ocrx_word' id='word_1_365' title='bbox 739 2135 756 2178; x_wconf 98' lang='lat'>]</span> <span class='ocrx_word' id='word_1_366' title='bbox 783 2131 850 2169; x_wconf 75' lang='grc' dir='ltr'>ΜΓ.</span> <span class='ocrx_word' id='word_1_367' title='bbox 869 2133 987 2169; x_wconf 84' lang='lat' dir='ltr'>Vatic.</span> <span class='ocrx_word' id='word_1_368' title='bbox 1009 2143 1127 2182; x_wconf 68' lang='lat'>3429,</span> <span class='ocrx_word' id='word_1_369' title='bbox 1145 2136 1241 2169; x_wconf 83' lang='lat' dir='ltr'>etiam</span> <span class='ocrx_word' id='word_1_370' title='bbox 1258 2134 1423 2181; x_wconf 75' lang='lat' dir='ltr'>conservis.</span> <span class='ocrx_word' id='word_1_371' title='bbox 1440 2132 1510 2170; x_wconf 90' lang='lat' dir='ltr'>Sed</span> <span class='ocrx_word' id='word_1_372' title='bbox 1529 2133 1565 2168; x_wconf 64' lang='grc' dir='ltr'>ἓν</span> <span class='ocrx_word' id='word_1_373' title='bbox 1581 2145 1648 2181; x_wconf 87' lang='lat' dir='ltr'>pro</span> <span class='ocrx_word' id='word_1_374' title='bbox 1665 2134 1761 2168; x_wconf 84' lang='lat' dir='ltr'>etiam</span> 
     </span>
     <span class='ocr_line' id='line_1_40' title="bbox 379 2179 577 2228; baseline 0.015 -13"><span class='ocrx_word' id='word_1_375' title='bbox 379 2179 577 2228; x_wconf 85' lang='lat' dir='ltr'>usurpatur.</span> 
     </span>
    </p>

    <p class='ocr_par' dir='ltr' id='par_1_12' title="bbox 379 2230 1771 2432">
     <span class='ocr_line' id='line_1_41' title="bbox 436 2230 1767 2280; baseline 0 -15"><span class='ocrx_word' id='word_1_376' title='bbox 436 2230 714 2268; x_wconf 72' lang='lat' dir='ltr'>TRINOBANTES</span> <span class='ocrx_word' id='word_1_377' title='bbox 740 2235 757 2278; x_wconf 95' lang='lat'><em>]</em></span> <span class='ocrx_word' id='word_1_378' title='bbox 788 2231 978 2280; x_wconf 88' lang='lat' dir='ltr'>Perperam</span> <span class='ocrx_word' id='word_1_379' title='bbox 1008 2231 1047 2267; x_wconf 92' lang='lat' dir='ltr'>in</span> <span class='ocrx_word' id='word_1_380' title='bbox 1079 2232 1258 2269; x_wconf 87' lang='lat' dir='ltr'>veteribus</span> <span class='ocrx_word' id='word_1_381' title='bbox 1294 2231 1541 2275; x_wconf 86' lang='lat' dir='ltr'>editionibus,</span> <span class='ocrx_word' id='word_1_382' title='bbox 1583 2232 1767 2278; x_wconf 81' lang='lat' dir='ltr'>Brigantes.</span> 
     </span>
     <span class='ocr_line' id='line_1_42' title="bbox 382 2279 1768 2332; baseline -0.001 -17"><span class='ocrx_word' id='word_1_383' title='bbox 382 2280 532 2329; x_wconf 78' lang='lat' dir='ltr'>Optime</span> <span class='ocrx_word' id='word_1_384' title='bbox 557 2281 778 2325; x_wconf 81' lang='lat' dir='ltr'>Carndenus,</span> <span class='ocrx_word' id='word_1_385' title='bbox 809 2295 914 2332; x_wconf 89' lang='lat' dir='ltr'>quem</span> <span class='ocrx_word' id='word_1_386' title='bbox 939 2281 1101 2319; x_wconf 86' lang='lat' dir='ltr'>Ernestus</span> <span class='ocrx_word' id='word_1_387' title='bbox 1132 2282 1264 2331; x_wconf 87' lang='lat' dir='ltr'>aliique</span> <span class='ocrx_word' id='word_1_388' title='bbox 1293 2281 1373 2317; x_wconf 87' lang='lat' dir='ltr'>sunt</span> <span class='ocrx_word' id='word_1_389' title='bbox 1396 2281 1532 2323; x_wconf 84' lang='lat' dir='ltr'>secuti,</span> <span class='ocrx_word' id='word_1_390' title='bbox 1561 2279 1768 2317; x_wconf 79' lang='lat' dir='ltr'>emendavit</span> 
     </span>
     <span class='ocr_line' id='line_1_43' title="bbox 381 2330 1766 2381; baseline -0.001 -16"><span class='ocrx_word' id='word_1_391' title='bbox 381 2331 606 2373; x_wconf 81' lang='lat' dir='ltr'>Trinobantes,</span> <span class='ocrx_word' id='word_1_392' title='bbox 636 2342 674 2366; x_wconf 93' lang='lat' dir='ltr'>ut</span> <span class='ocrx_word' id='word_1_393' title='bbox 696 2343 794 2379; x_wconf 86' lang='lat' dir='ltr'>patet</span> <span class='ocrx_word' id='word_1_394' title='bbox 817 2346 860 2368; x_wconf 83' lang='lat' dir='ltr'>ex</span> <span class='ocrx_word' id='word_1_395' title='bbox 885 2332 1016 2368; x_wconf 86' lang='lat' dir='ltr'>Annal.</span> <span class='ocrx_word' id='word_1_396' title='bbox 1043 2332 1132 2368; x_wconf 91' lang='lat' dir='ltr'>XIV</span> <span class='ocrx_word' id='word_1_397' title='bbox 1148 2359 1156 2373; x_wconf 93' lang='lat'><strong><em>‚</em></strong></span> <span class='ocrx_word' id='word_1_398' title='bbox 1190 2345 1248 2380; x_wconf 77' lang='lat'>31.</span> <span class='ocrx_word' id='word_1_399' title='bbox 1275 2331 1412 2381; x_wconf 76' lang='lat' dir='ltr'>Argute</span> <span class='ocrx_word' id='word_1_400' title='bbox 1437 2331 1540 2367; x_wconf 83' lang='lat' dir='ltr'>nimis</span> <span class='ocrx_word' id='word_1_401' title='bbox 1558 2358 1567 2374; x_wconf 90' lang='lat'>,</span> <span class='ocrx_word' id='word_1_402' title='bbox 1598 2330 1660 2379; x_wconf 88' lang='lat' dir='ltr'>qui</span> <span class='ocrx_word' id='word_1_403' title='bbox 1687 2331 1766 2365; x_wconf 82' lang='lat' dir='ltr'>Bri-</span> 
     </span>
     <span class='ocr_line' id='line_1_44' title="bbox 379 2379 1771 2432; baseline 0.001 -17"><span class='ocrx_word' id='word_1_404' title='bbox 379 2393 492 2429; x_wconf 78' lang='lat' dir='ltr'>gantes</span> <span class='ocrx_word' id='word_1_405' title='bbox 501 2380 707 2424; x_wconf 86' lang='lat' dir='ltr'>defendunt,</span> <span class='ocrx_word' id='word_1_406' title='bbox 720 2381 819 2431; x_wconf 75' lang='lat' dir='ltr'>quod</span> <span class='ocrx_word' id='word_1_407' title='bbox 832 2394 957 2420; x_wconf 83' lang='lat' dir='ltr'>eorum</span> <span class='ocrx_word' id='word_1_408' title='bbox 971 2394 1013 2418; x_wconf 86' lang='lat' dir='ltr'>ac</span> <span class='ocrx_word' id='word_1_409' title='bbox 1021 2380 1287 2420; x_wconf 82' lang='lat' dir='ltr'>Trinobauturn</span> <span class='ocrx_word' id='word_1_410' title='bbox 1298 2394 1370 2419; x_wconf 86' lang='lat' dir='ltr'>una</span> <span class='ocrx_word' id='word_1_411' title='bbox 1383 2381 1579 2432; x_wconf 87' lang='lat' dir='ltr'>eademque</span> <span class='ocrx_word' id='word_1_412' title='bbox 1593 2380 1634 2417; x_wconf 86' lang='lat' dir='ltr'>fit</span> <span class='ocrx_word' id='word_1_413' title='bbox 1649 2379 1771 2429; x_wconf 73' lang='lat' dir='ltr'>otigo-</span> 
     </span>
    </p>
   </div>
  </div>
 </body>
</html>
