1952 2708
107 1085 155 1124 15

418 115 618 156 LIBRI
657 115 854 156 ΝΟΝῙ

902 114 1329 159 ANNALIUM.
1478 121 1560 167 381

189 196 372 250 equestris
399 196 547 236 ordinis
570 195 779 234 tormentis
804 193 970 243 subditi,
993 195 1109 245 licet,
1132 199 1294 239 ineunte
1317 198 1566 254 principatu,

197 276 219 296 «
248 259 286 298 se
314 259 464 298 nemini
489 256 617 297 libero
645 261 653 279 ¹
683 269 882 296 tormenta
913 256 1182 298 adhibiturum
1209 277 1229 295 >›
1256 260 1413 311 jurasset
1444 260 1567 302 Clau-

190 321 289 361 dius.
316 320 404 375 Ipse
419 349 432 369 ‚
467 319 620 359 medius
642 321 745 359 inter
766 317 971 368 consules,
994 317 1091 359 sellai
1113 320 1241 360 curuli
1263 337 1328 362 aut
1349 324 1566 366 tribunicio

189 382 376 423 subsellio
405 382 542 423 sedens
558 412 571 432 ,
595 381 832 422 adstantibus
856 383 1027 437 praetorii
1049 383 1236 437 praefeffis
1267 414 1280 434 ,
1314 386 1568 440 praesenribus

137 455 161 494 5
190 443 371 496 libertis,
402 446 450 486 ad
477 446 656 486 senatum
685 443 906 496 referebat,
934 443 1142 498 lassamque
1173 444 1413 498 majestatem
1445 448 1568 490 ulcis-

189 508 364 549 cebatur.

251 572 533 612 XXXVIII.
567 574 770 613 PRAETER
792 573 917 622 viros,
932 571 1086 612 feminae
1104 570 1331 627 complures
1346 574 1386 613 in
1409 590 1567 616 carcere

186 634 386 690 supplicio
417 635 572 675 adfeclae

603 640 642 682 ²3
667 635 775 688 quod
797 635 942 674 foedius
970 640 1010 685 ³,
1033 634 1140 685 aliae,
1165 637 1412 691 captivarum
1432 639 1568 688 instar,

185 697 330 737 vinclis
359 698 527 748 onustae,
557 698 604 738 ad
637 696 811 738 tribunal
846 698 1205 753 protrahebantur,
1233 713 1447 753 earumque
1478 715 1570 740 cor-

185 898 298 926 terna
326 886 430 927 bona
467 886 483 907 ⁶

111 777 161 803 10
187 774 284 815 pora
309 761 349 799 in
377 762 596 801 Gemonias
626 759 949 816 projiciebantur.
975 759 1214 802 Eneeiomm
1244 765 1340 802 vero
1369 777 1477 803 extra
1498 764 1567 803 Ur-

184 822 276 864 bem
302 825 431 879 capita
449 826 604 864 tantum
627 829 646 852 4
671 823 858 879 expolita.

521 886 712 942 permiffa.
745 886 824 926 Sed
856 885 993 926 odium
1029 887 1249 927 severitatis
1277 889 1387 928 auxit
1416 903 1569 929 nocen-

894 823 1048 864 Liberis
1074 826 1154 865 vita
1177 829 1214 874 5,
1241 824 1474 878 quibusdam
1507 841 1568 881 pa-

182 949 415 989 tiffimorum
440 950 679 1004 impunitas,
703 963 819 1003 quam
845 963 866 988 a
891 948 1100 989 Messalinfi
1127 954 1165 990 ὅ(
1190 949 1341 990 libertis
1367 951 1501 992 favore
1527 955 1568 992 &

183 1010 355 1067 pecunia
385 1012 587 1052 redemere
617 1017 660 1058 ⁷3
691 1026 734 1052 ut
763 1009 940 1062 scelere,
971 1012 1025 1052 ita
1053 1016 1094 1052 δε
1124 1011 1249 1066 grati&
1273 1013 1452 1055 infames.

248 1074 476 1115 XXXIX.
512 1077 739 1116 FERALEM
763 1074 920 1114 scenam
949 1090 1167 1130 paucorum
1190 1075 1385 1116 fortitudo
1407 1076 1569 1119 illustra-

183 1137 254 1178 vit.
283 1139 372 1178 Hos
398 1139 500 1178 inter
526 1137 671 1178 famam
701 1138 938 1193 promeritus
968 1138 1019 1177 est
1037 1137 1211 1178 Galaesus
1227 1135 1262 1188 8,
1285 1138 1566 1180 Scriboniani9

184 1199 349 1241 libertus
377 1216 384 1239 :

413 1201 592 1241 indubius
616 1202 721 1240 enim
752 1201 793 1239 in
827 1201 977 1240 curiam
1010 1200 1134 1241 multa
1161 1199 1320 1241 locutus
1346 1203 1399 1242 est
1428 1201 1568 1244 libere.

182 1263 220 1302 A
235 1262 420 1304 Narcisso
434 1277 565 1303 autem
582 1293 594 1313 ,
610 1265 651 1302 in
667 1263 842 1303 medium
858 1277 1115 1318 prorumpere
1132 1264 1224 1303 auso
1241 1293 1253 1313 ,
1279 1265 1566 1320 interrogatus,

190 1342 212 1362 (ε
232 1325 419 1380 quidnam
435 1340 588 1380 ageret,
605 1326 629 1364 s1
645 1324 931 1366 Scribonianus
955 1327 1166 1382 imperaret
1180 1343 1201 1363 »
1214 1340 1224 1372 3
1239 1325 1334 1368 forti
1347 1328 1538 1383 responso
1551 1358 1565 1380 ,

223 1453 232 1468 ¹
258 1448 382 1479 Nemmr
400 1451 540 1487 murno]
561 1451 633 1480 Haec
655 1448 762 1480 omnia
774 1448 853 1485 Dio,

182 1487 246 1518 loc-
272 1489 325 1518 cit.
346 1490 435 1527 Apud
461 1489 561 1519 laesum
586 1489 758 1527 Principem
778 1489 856 1526 jura—

182 1536 290 1557 mento
308 1528 444 1558 validior
460 1529 508 1558 lex
521 1528 601 1558 Julia
612 1551 620 1562 ‚
636 1529 672 1558 de
687 1528 747 1566 qua
758 1528 854 1558 Julius

181 1566 289 1596 Paulus
311 1590 320 1603 ‚
349 1570 486 1598 Sentent.
519 1570 555 1597 V.
579 1567 643 1597 Tit.
658 1578 706 1603 29.
727 1566 759 1596 Ιη
782 1577 854 1595 reum

181 1605 330 1644 majestatis
357 1607 455 1644 inquiri
479 1607 555 1642 prius
580 1607 729 1641 convenit,
760 1605 854 1643 quibus

180 1643 290 1679 opibus,
303 1645 478 1683 qutifafflione
496 1669 504 1682 ‚
530 1645 625 1690 quibus
638 1646 684 1674 hoc
702 1645 854 1674 custoribus

173 1682 275 1719 feceris
293 1695 301 1710 .·
324 1685 395 1713 musi
413 1685 483 1713 enim
504 1685 627 1713 criminis
648 1694 708 1713 reus
729 1694 782 1712 non
803 1684 851 1712 oh-

178 1730 257 1750 temu
282 1721 450 1752 adularims
470 1720 586 1761 alicujus
605 1747 613 1761 ‚
636 1723 686 1762 fid
708 1723 789 1762 ipsius
803 1723 853 1751 ad—

179 1762 215 1789 mi
235 1771 243 1789 ι
265 1763 348 1790 causci
367 1762 521 1799 puniendus
533 1763 576 1795 eff.
607 1762 644 1792 Er
669 1762 725 1791 ide-0
748 1764 805 1790 cum
821 1763 852 1791 de

178 1809 209 1843 eq
221 1801 350 1838 quaeri'tur
362 1823 371 1837 ,
392 1802 466 1830 nulla
482 1797 605 1841 dignitas
623 1812 638 1830 α
654 1802 794 1831 tormentis
806 1812 851 1830 ex-

179 1848 289 1875 cipitur.

211 1882 228 1921 ᾗ
252 1879 413 1911 ΞυΡηιςιο
434 1891 581 1911 ADFECTAE
599 1882 612 1918 ]
634 1880 704 1910 Haec
717 1879 751 1910 &
766 1879 850 1918 seqq.

176 1917 240 1947 Dio
254 1940 263 1951 ‚
285 1917 362 1947 ibid.

218 1962 228 1982 ³
253 1956 404 1994 Furnius]
432 1958 568 1988 Foeditas
596 1958 679 1988 enim
701 1965 789 1987 atrox
807 1957 851 1987 fe-

178 1995 278 2025 minas
298 1996 409 2026 vinclis
425 1996 568 2033 onerari,
583 1997 621 2026 ad
633 1997 766 2026 tribunal
783 2007 851 2034 pro-

178 2034 257 2064 trahi
274 2058 282 2069 ‚
307 2035 510 2074 caesarumque
528 2046 660 2074 corpora
688 2035 720 2064 in
737 2036 851 2066 Gemo-

178 2073 245 2103 nias
262 2074 384 2111 projici.

218 2117 232 2135 ⁴
255 2113 374 2143 Cwm
397 2124 523 2143 TANTUM
543 2114 556 2150 ]
578 2113 615 2142 Et
632 2111 663 2141 hi
684 2120 770 2142 erant
791 2111 851 2141 viri

178 2151 383 2182 honestissimi.
413 2153 493 2181 Nam
520 2175 528 2187 ‚
555 2160 587 2181 ut
609 2151 701 2181 docet
719 2152 826 2181 Paulus
842 2174 850 2185 ‚

180 2190 240 2220 loc.
255 2191 307 2220 cir.
321 2190 483 2219 Humiliores
496 2190 582 2229 hestiis
597 2189 782 2227 abjiciamur,
810 2190 852 2218 vel

178 2230 236 2258 vivi
259 2239 410 2258 exuruntur
436 2241 447 2264 ‚·
488 2229 646 2268 honestiores
680 2230 768 2266 capite
796 2239 850 2265 pu-

180 2267 302 2298 niuntur.
319 2270 394 2299 Non
410 2269 441 2298 in
456 2270 537 2299 Urbe
551 2292 560 2303 ‚
576 2269 626 2298 sed
639 2278 723 2299 extra
737 2269 851 2298 Urbem

178 2306 399 2344 plee'tebantur.
428 2309 507 2340 Vide
534 2308 644 2338 Annal.
674 2309 709 2345 1,
733 2311 781 2338 61.
818 2308 851 2338 ὃς

179 2345 238 2376 XV
248 2368 258 2384 ,
276 2349 327 2384 67,

935 1455 943 1476 5
967 1451 1049 1481 Vim
1069 1451 1081 1486 ]
1106 1451 1280 1488 Imperante
1306 1449 1436 1481 Tiberio
1462 1451 1492 1481 in
1510 1453 1567 1482 Se-

891 1488 956 1526 jani
981 1489 1096 1519 liberos
1119 1490 1228 1519 acerbe
1255 1489 1410 1526 saevimm,
1431 1498 1464 1520 ut
1482 1491 1567 1521 vidi-

893 1538 958 1558 mus
972 1527 1003 1557 in
1014 1529 1236 1566 Supplemento
1248 1529 1361 1558 Annal·
1372 1532 1409 1565 V,
1422 1540 1458 1566 43
1472 1530 1504 1561 &
1514 1542 1567 1568 49.

1294 1568 1356 1598 Dio
1374 1592 1382 1605 ‚
1407 1569 1475 1598 LX.
1499 1580 1566 1609 pag.

1299 1607 1348 1636 sed
1384 1608 1565 1650 quibusdam

892 1647 1013 1674 tantum
1040 1654 1166 1684 paterna
1193 1646 1278 1675 bona
1302 1647 1440 1684 pemnffa
1464 1647 1532 1678 sunt
1556 1672 1566 1685 ,

892 1685 977 1723 quod
993 1695 1115 1714 reorum
1128 1684 1288 1721 majestatis
1301 1686 1387 1715 bona
1405 1686 1455 1716 vel
1470 1687 1542 1718 fisco
1555 1712 1565 1724 ‚

892 1724 941 1753 vel
955 1724 1062 1754 aerario
1079 1724 1315 1753 addicebantur.
1330 1725 1439 1754 Crevit
1454 1736 1542 1763 poena
1555 1749 1565 1761 ‚

893 1762 1114 1801 imperantibus
1129 1762 1263 1792 Arcadio
1277 1763 1310 1793 8<
1324 1763 1470 1794 Honorio
1482 1788 1490 1801 ‚
1511 1766 1565 1802 qui

891 1812 955 1832 non
970 1803 1067 1832 modi)
1082 1812 1205 1832 reorum
1222 1802 1381 1838 majestatis
1394 1804 1478 1833 bona
1491 1803 1563 1835 fisco

890 1841 1108 1878 adjudicavere
1120 1864 1128 1873 ,
1149 1841 1197 1870 sed
1212 1850 1318 1870 eorum
1335 1852 1462 1880 quoque
1482 1843 1562 1873 libe—

891 1891 940 1910 ros
960 1881 998 1909 ab
1017 1879 1103 1910 omni
1121 1879 1293 1909 hereditate
1306 1880 1339 1909 ἅ
1353 1880 1503 1918 dignitate
1515 1893 1564 1912 ex—

892 1919 1022 1955 clusere,
1043 1928 1075 1949 ut
1088 1919 1204 1955 semper
1221 1918 1321 1948 miseri
1335 1919 1460 1948 taedium
1475 1921 1564 1958 vitae,

892 1958 1062 1996 mortisque
1076 1957 1296 1996 cupiditatem,
1316 1957 1347 1987 in
1365 1959 1480 1995 paterni
1499 1960 1563 1990 sce-

892 1997 963 2026 leris
981 2007 1104 2035 poenam
1125 1996 1158 2027 δε
1174 1996 1301 2033 odium,
1317 1998 1417 2035 paffim
1430 1998 1564 2029 circum'-

892 2036 1017 2066 ferrent.

931 2081 942 2100 7
966 2076 1172 2112 RLDEMiznss]
1196 2074 1276 2111 Dio,
1295 2074 1372 2104 ibid.

933 2114 944 2131 ⁸
967 2115 1113 2144 Gufrsus
1134 2115 1147 2150 ]
1170 2114 1247 2143 Rem
1272 2122 1372 2144 narrat
1399 2115 1562 2155 laudatque

890 2152 952 2182 Dio
967 2176 975 2188 ‚
996 2153 1072 2182 ibid.
1093 2154 1128 2181 In
1145 2153 1280 2182 mediam
1300 2153 1415 2183 curiam
1427 2175 1435 2187 ‚
1448 2155 1480 2184 8<
1491 2164 1562 2186 ante

891 2191 1063 2230 Principem
1084 2202 1282 2230 prorumpere
1311 2193 1395 2222 ausus
1419 2193 1458 2222 est
1480 2195 1562 2224 Nar-

890 2231 986 2261 ciffus.

929 2275 941 2293 9
974 2271 1175 2299 ScRinoNJANi
1200 2271 1212 2306 ]
1258 2269 1387 2300 Galaesus
1428 2270 1558 2301 libertus

890 2317 953 2338 erat
979 2307 1062 2337 Furii
1087 2308 1213 2337 Camilli
1241 2309 1437 2341 Scriboniani
1467 2333 1477 2347 ,
1517 2310 1556 2340 de

889 2358 953 2387 quo
970 2347 1055 2386 supra
1067 2370 1075 2385 ‚
1098 2357 1162 2387 cap.
1178 2357 1228 2388 35,

932 1568 944 1586 ⁶
967 1569 1113 1597 PATERNA
1149 1579 1226 1596 rona
1252 1569 1265 1604 ]

892 1609 963 1644 675.
984 1607 1060 1637 Non
1088 1606 1233 1636 omnibus
1258 1630 1266 1641 ‚

1590 251 1618 274 A.
1632 253 1661 274 U.
1674 252 1703 275 C.

1589 333 1593 336 ,
1611 305 1683 334 795·

1616 345 1639 369 J.
1650 345 1679 368 c.

1623 397 1675 425 4²·
