<?xml version="1.0" encoding="UTF-8"?>
<!DOCTYPE html PUBLIC "-//W3C//DTD XHTML 1.0 Transitional//EN"
    "http://www.w3.org/TR/xhtml1/DTD/xhtml1-transitional.dtd">
<html xmlns="http://www.w3.org/1999/xhtml" xml:lang="en" lang="en">
 <head>
  <title>
</title>
<meta http-equiv="Content-Type" content="text/html;charset=utf-8" />
  <meta name='ocr-system' content='tesseract 3.04.00' />
  <meta name='ocr-capabilities' content='ocr_page ocr_carea ocr_par ocr_line ocrx_word'/>
</head>
<body>
  <div class='ocr_page' id='page_1' title='image "./operabro04taciuoft_0396.png"; bbox 0 0 1952 2708; ppageno 0'>
   <div class='ocr_carea' id='block_1_1' title="bbox 257 207 372 222">
    <p class='ocr_par' dir='ltr' id='par_1_1' title="bbox 257 207 372 222">
     <span class='ocr_line' id='line_1_1' title="bbox 257 207 372 222; baseline 0 -2"><span class='ocrx_word' id='word_1_1' title='bbox 257 207 372 222; x_wconf 57' lang='grc' dir='ltr'>ς</span> 
     </span>
    </p>
   </div>
   <div class='ocr_carea' id='block_1_2' title="bbox 258 223 370 227">
    <p class='ocr_par' dir='ltr' id='par_1_2' title="bbox 258 223 370 227">
     <span class='ocr_line' id='line_1_2' title="bbox 258 223 370 227; baseline 0 0"><span class='ocrx_word' id='word_1_2' title='bbox 258 223 370 227; x_wconf 95' lang='lat' dir='ltr'> </span> 
     </span>
    </p>
   </div>
   <div class='ocr_carea' id='block_1_3' title="bbox 257 246 361 270">
    <p class='ocr_par' dir='ltr' id='par_1_3' title="bbox 257 246 361 270">
     <span class='ocr_line' id='line_1_3' title="bbox 257 246 361 270; baseline 0.01 -1"><span class='ocrx_word' id='word_1_3' title='bbox 257 246 287 269; x_wconf 81' lang='lat' dir='ltr'>A.</span> <span class='ocrx_word' id='word_1_4' title='bbox 300 247 329 269; x_wconf 89' lang='lat' dir='ltr'>U.</span> <span class='ocrx_word' id='word_1_5' title='bbox 341 247 361 270; x_wconf 93' lang='lat' dir='ltr'>C</span> 
     </span>
    </p>
   </div>
   <div class='ocr_carea' id='block_1_4' title="bbox 277 292 348 369">
    <p class='ocr_par' dir='ltr' id='par_1_4' title="bbox 277 292 348 369">
     <span class='ocr_line' id='line_1_4' title="bbox 277 292 348 327; baseline -0.042 0"><span class='ocrx_word' id='word_1_6' title='bbox 277 292 348 327; x_wconf 85' lang='lat'><em>796-</em></span> 
     </span>
     <span class='ocr_line' id='line_1_5' title="bbox 283 345 345 369; baseline -0.016 0"><span class='ocrx_word' id='word_1_7' title='bbox 283 346 306 369; x_wconf 82' lang='lat' dir='ltr'>J.</span> <span class='ocrx_word' id='word_1_8' title='bbox 315 345 345 368; x_wconf 86' lang='lat' dir='ltr'>c.</span> 
     </span>
    </p>
   </div>
   <div class='ocr_carea' id='block_1_5' title="bbox 289 398 339 426">
    <p class='ocr_par' dir='ltr' id='par_1_5' title="bbox 289 398 339 426">
     <span class='ocr_line' id='line_1_6' title="bbox 289 398 339 426; baseline 0.02 -1"><span class='ocrx_word' id='word_1_9' title='bbox 289 398 339 426; x_wconf 83' lang='lat'>43·</span> 
     </span>
    </p>
   </div>
   <div class='ocr_carea' id='block_1_6' title="bbox 398 112 1489 164">
    <p class='ocr_par' dir='ltr' id='par_1_6' title="bbox 398 112 1489 164">
     <span class='ocr_line' id='line_1_7' title="bbox 398 112 1489 164; baseline 0.003 -12"><span class='ocrx_word' id='word_1_10' title='bbox 398 118 486 164; x_wconf 69' lang='lat'>384</span> <span class='ocrx_word' id='word_1_11' title='bbox 683 112 1489 155; x_wconf 86' lang='lat' dir='ltr'><strong>SUPPLEMENTUM</strong></span> 
     </span>
    </p>
   </div>
   <div class='ocr_carea' id='block_1_7' title="bbox 365 190 1778 1378">
    <p class='ocr_par' dir='ltr' id='par_1_7' title="bbox 365 190 1778 813">
     <span class='ocr_line' id='line_1_8' title="bbox 393 190 1778 250; baseline 0.002 -17"><span class='ocrx_word' id='word_1_12' title='bbox 393 204 571 233; x_wconf 87' lang='lat' dir='ltr'>creverat</span> <span class='ocrx_word' id='word_1_13' title='bbox 594 197 620 230; x_wconf 89' lang='lat'>¹.</span> <span class='ocrx_word' id='word_1_14' title='bbox 640 190 798 231; x_wconf 85' lang='lat' dir='ltr'>Malum</span> <span class='ocrx_word' id='word_1_15' title='bbox 819 194 966 248; x_wconf 83' lang='lat' dir='ltr'>pietate</span> <span class='ocrx_word' id='word_1_16' title='bbox 990 207 1193 249; x_wconf 80' lang='lat' dir='ltr'>coeptum,</span> <span class='ocrx_word' id='word_1_17' title='bbox 1216 196 1373 235; x_wconf 44' lang='lat' dir='ltr'>aucium</span> <span class='ocrx_word' id='word_1_18' title='bbox 1393 191 1557 236; x_wconf 62' lang='lat' dir='ltr'>licentia</span> <span class='ocrx_word' id='word_1_19' title='bbox 1572 224 1584 244; x_wconf 89' lang='lat'><em>‚</em></span> <span class='ocrx_word' id='word_1_20' title='bbox 1605 194 1778 250; x_wconf 77' lang='lat' dir='ltr'><strong>gliscens</strong></span> 
     </span>
     <span class='ocr_line' id='line_1_9' title="bbox 365 254 1776 311; baseline 0.003 -17"><span class='ocrx_word' id='word_1_21' title='bbox 365 257 434 294; x_wconf 92' lang='lat' dir='ltr'>&#39;in</span> <span class='ocrx_word' id='word_1_22' title='bbox 465 254 548 294; x_wconf 86' lang='lat' dir='ltr'>dies</span> <span class='ocrx_word' id='word_1_23' title='bbox 588 254 842 305; x_wconf 75' lang='lat' dir='ltr'>adulatione,</span> <span class='ocrx_word' id='word_1_24' title='bbox 871 257 1044 311; x_wconf 81' lang='lat' dir='ltr'>repreffit</span> <span class='ocrx_word' id='word_1_25' title='bbox 1073 257 1225 307; x_wconf 69' lang='lat' dir='ltr'>Caesar,</span> <span class='ocrx_word' id='word_1_26' title='bbox 1254 273 1336 298; x_wconf 90' lang='lat' dir='ltr'>non</span> <span class='ocrx_word' id='word_1_27' title='bbox 1372 259 1558 298; x_wconf 84' lang='lat' dir='ltr'>exstinxit</span> <span class='ocrx_word' id='word_1_28' title='bbox 1582 262 1624 298; x_wconf 86' lang='lat'>²:</span> <span class='ocrx_word' id='word_1_29' title='bbox 1651 260 1776 298; x_wconf 88' lang='lat' dir='ltr'>immo</span> 
     </span>
     <span class='ocr_line' id='line_1_10' title="bbox 392 316 1778 372; baseline 0.003 -15"><span class='ocrx_word' id='word_1_30' title='bbox 392 316 568 357; x_wconf 86' lang='lat' dir='ltr'>moribus</span> <span class='ocrx_word' id='word_1_31' title='bbox 590 317 639 357; x_wconf 85' lang='lat' dir='ltr'>ad</span> <span class='ocrx_word' id='word_1_32' title='bbox 663 319 841 359; x_wconf 75' lang='lat' dir='ltr'>Inaniora</span> <span class='ocrx_word' id='word_1_33' title='bbox 863 318 1163 369; x_wconf 80' lang='lat' dir='ltr'>delabentibus,</span> <span class='ocrx_word' id='word_1_34' title='bbox 1192 319 1362 360; x_wconf 88' lang='lat' dir='ltr'>revaluit</span> <span class='ocrx_word' id='word_1_35' title='bbox 1391 325 1401 348; x_wconf 81' lang='lat'><em>³</em></span> <span class='ocrx_word' id='word_1_36' title='bbox 1434 336 1525 361; x_wconf 87' lang='lat' dir='ltr'>cum</span> <span class='ocrx_word' id='word_1_37' title='bbox 1549 319 1698 372; x_wconf 82' lang='lat' dir='ltr'>majore</span> <span class='ocrx_word' id='word_1_38' title='bbox 1721 335 1778 361; x_wconf 83' lang='lat' dir='ltr'>re-</span> 
     </span>
     <span class='ocr_line' id='line_1_11' title="bbox 390 380 1776 436; baseline 0.002 -17"><span class='ocrx_word' id='word_1_39' title='bbox 390 380 590 434; x_wconf 84' lang='lat' dir='ltr'>ligi0num</span> <span class='ocrx_word' id='word_1_40' title='bbox 619 384 660 420; x_wconf 85' lang='lat'>&amp;</span> <span class='ocrx_word' id='word_1_41' title='bbox 687 381 843 436; x_wconf 88' lang='lat' dir='ltr'>imperii</span> <span class='ocrx_word' id='word_1_42' title='bbox 877 381 1133 422; x_wconf 85' lang='lat' dir='ltr'>detrimento.</span> <span class='ocrx_word' id='word_1_43' title='bbox 1161 381 1327 422; x_wconf 89' lang='lat' dir='ltr'>Abolita</span> <span class='ocrx_word' id='word_1_44' title='bbox 1352 382 1463 422; x_wconf 88' lang='lat' dir='ltr'>fimul</span> <span class='ocrx_word' id='word_1_45' title='bbox 1497 383 1647 436; x_wconf 88' lang='lat' dir='ltr'>reliqua</span> <span class='ocrx_word' id='word_1_46' title='bbox 1686 383 1776 424; x_wconf 84' lang='lat' dir='ltr'>Caii</span> 
     </span>
     <span class='ocr_line' id='line_1_12' title="bbox 391 443 1774 500; baseline 0.002 -17"><span class='ocrx_word' id='word_1_47' title='bbox 391 443 676 483; x_wconf 83' lang='lat' dir='ltr'>dominationis</span> <span class='ocrx_word' id='word_1_48' title='bbox 713 443 928 500; x_wconf 85' lang='lat' dir='ltr'>opprobria</span> <span class='ocrx_word' id='word_1_49' title='bbox 951 461 958 483; x_wconf 92' lang='lat'>:</span> <span class='ocrx_word' id='word_1_50' title='bbox 985 459 1145 498; x_wconf 82' lang='lat' dir='ltr'>quaeque</span> <span class='ocrx_word' id='word_1_51' title='bbox 1185 444 1251 484; x_wconf 90' lang='lat' dir='ltr'>vel</span> <span class='ocrx_word' id='word_1_52' title='bbox 1276 445 1452 494; x_wconf 76' lang='lat' dir='ltr'>nefarie,</span> <span class='ocrx_word' id='word_1_53' title='bbox 1481 445 1547 485; x_wconf 88' lang='lat' dir='ltr'>vel</span> <span class='ocrx_word' id='word_1_54' title='bbox 1573 447 1774 486; x_wconf 74' lang='lat' dir='ltr'>immerito</span> 
     </span>
     <span class='ocr_line' id='line_1_13' title="bbox 391 506 1775 563; baseline 0 -17"><span class='ocrx_word' id='word_1_55' title='bbox 391 506 636 556; x_wconf 84' lang='lat' dir='ltr'>donaverat,</span> <span class='ocrx_word' id='word_1_56' title='bbox 663 521 730 547; x_wconf 85' lang='lat' dir='ltr'>aut</span> <span class='ocrx_word' id='word_1_57' title='bbox 748 520 955 562; x_wconf 81' lang='lat' dir='ltr'>rapuerat,</span> <span class='ocrx_word' id='word_1_58' title='bbox 976 508 1153 547; x_wconf 84' lang='lat' dir='ltr'>restituta</span> <span class='ocrx_word' id='word_1_59' title='bbox 1175 512 1206 546; x_wconf 82' lang='lat'>4.</span> <span class='ocrx_word' id='word_1_60' title='bbox 1230 507 1490 547; x_wconf 86' lang='lat' dir='ltr'>Curatoribus</span> <span class='ocrx_word' id='word_1_61' title='bbox 1513 509 1665 547; x_wconf 84' lang='lat' dir='ltr'>viarum</span> <span class='ocrx_word' id='word_1_62' title='bbox 1686 523 1775 563; x_wconf 83' lang='lat' dir='ltr'>prae-</span> 
     </span>
     <span class='ocr_line' id='line_1_14' title="bbox 390 569 1776 624; baseline 0.002 -15"><span class='ocrx_word' id='word_1_63' title='bbox 390 582 452 609; x_wconf 82' lang='lat' dir='ltr'>ter</span> <span class='ocrx_word' id='word_1_64' title='bbox 478 569 713 623; x_wconf 82' lang='lat' dir='ltr'>dignitatern</span> <span class='ocrx_word' id='word_1_65' title='bbox 737 570 889 610; x_wconf 84' lang='lat' dir='ltr'>reddita</span> <span class='ocrx_word' id='word_1_66' title='bbox 914 584 1072 623; x_wconf 88' lang='lat' dir='ltr'>quoque</span> <span class='ocrx_word' id='word_1_67' title='bbox 1096 572 1289 624; x_wconf 86' lang='lat' dir='ltr'>pecunia,</span> <span class='ocrx_word' id='word_1_68' title='bbox 1313 585 1429 623; x_wconf 87' lang='lat' dir='ltr'>quarn</span> <span class='ocrx_word' id='word_1_69' title='bbox 1454 569 1776 612; x_wconf 76' lang='lat' dir='ltr'>damnationibus</span> 
     </span>
     <span class='ocr_line' id='line_1_15' title="bbox 392 631 1775 688; baseline 0.001 -16"><span class='ocrx_word' id='word_1_70' title='bbox 392 636 434 672; x_wconf 86' lang='lat'>&amp;</span> <span class='ocrx_word' id='word_1_71' title='bbox 455 631 558 672; x_wconf 65' lang='lat' dir='ltr'>hasta</span> <span class='ocrx_word' id='word_1_72' title='bbox 580 633 797 672; x_wconf 83' lang='lat' dir='ltr'>extorserat</span> <span class='ocrx_word' id='word_1_73' title='bbox 817 631 999 672; x_wconf 85' lang='lat' dir='ltr'>Corbulo</span> <span class='ocrx_word' id='word_1_74' title='bbox 1025 637 1053 673; x_wconf 85' lang='lat'>5.</span> <span class='ocrx_word' id='word_1_75' title='bbox 1069 632 1295 673; x_wconf 85' lang='lat' dir='ltr'>Paullulum</span> <span class='ocrx_word' id='word_1_76' title='bbox 1316 631 1473 673; x_wconf 62' lang='lat' dir='ltr'>mollita</span> <span class='ocrx_word' id='word_1_77' title='bbox 1494 633 1584 688; x_wconf 88' lang='lat' dir='ltr'>lege</span> <span class='ocrx_word' id='word_1_78' title='bbox 1609 632 1650 683; x_wconf 80' lang='lat'>⁶,</span> <span class='ocrx_word' id='word_1_79' title='bbox 1672 633 1775 674; x_wconf 90' lang='lat' dir='ltr'>edic-</span> 
     </span>
     <span class='ocr_line' id='line_1_16' title="bbox 392 696 1776 752; baseline 0.001 -17"><span class='ocrx_word' id='word_1_80' title='bbox 392 708 478 735; x_wconf 87' lang='lat' dir='ltr'>tum</span> <span class='ocrx_word' id='word_1_81' title='bbox 509 712 530 731; x_wconf 76' lang='lat' dir='ltr'>c&lt;</span> <span class='ocrx_word' id='word_1_82' title='bbox 556 708 600 735; x_wconf 92' lang='lat' dir='ltr'>ut</span> <span class='ocrx_word' id='word_1_83' title='bbox 616 697 914 751; x_wconf 83' lang='lat' dir='ltr'>provinciarum</span> <span class='ocrx_word' id='word_1_84' title='bbox 936 697 1105 736; x_wconf 64' lang='lat' dir='ltr'>re&amp;ores</span> <span class='ocrx_word' id='word_1_85' title='bbox 1127 709 1219 736; x_wconf 89' lang='lat' dir='ltr'>ante</span> <span class='ocrx_word' id='word_1_86' title='bbox 1241 696 1417 737; x_wconf 85' lang='lat' dir='ltr'>medium</span> <span class='ocrx_word' id='word_1_87' title='bbox 1434 696 1615 752; x_wconf 82' lang='lat' dir='ltr'>Aprilem</span> <span class='ocrx_word' id='word_1_88' title='bbox 1638 710 1688 736; x_wconf 85' lang='lat' dir='ltr'>ex</span> <span class='ocrx_word' id='word_1_89' title='bbox 1706 697 1776 736; x_wconf 91' lang='lat' dir='ltr'>Ur-</span> 
     </span>
     <span class='ocr_line' id='line_1_17' title="bbox 392 758 1255 813; baseline 0.006 -18"><span class='ocrx_word' id='word_1_90' title='bbox 392 758 473 799; x_wconf 83' lang='lat' dir='ltr'>»be</span> <span class='ocrx_word' id='word_1_91' title='bbox 499 759 539 797; x_wconf 86' lang='lat' dir='ltr'>in</span> <span class='ocrx_word' id='word_1_92' title='bbox 568 760 794 813; x_wconf 85' lang='lat' dir='ltr'>provincias</span> <span class='ocrx_word' id='word_1_93' title='bbox 823 758 908 798; x_wconf 87' lang='lat' dir='ltr'>suas</span> <span class='ocrx_word' id='word_1_94' title='bbox 935 758 1187 800; x_wconf 84' lang='lat' dir='ltr'>discederent</span> <span class='ocrx_word' id='word_1_95' title='bbox 1213 777 1255 800; x_wconf 72' lang='lat' dir='ltr'>n.</span> 
     </span>
    </p>

    <p class='ocr_par' dir='ltr' id='par_1_8' title="bbox 390 820 1778 1238">
     <span class='ocr_line' id='line_1_18' title="bbox 455 820 1776 876; baseline 0.003 -17"><span class='ocrx_word' id='word_1_96' title='bbox 455 820 599 860; x_wconf 91' lang='lat' dir='ltr'><strong>XLV.</strong></span> <span class='ocrx_word' id='word_1_97' title='bbox 634 823 706 860; x_wconf 85' lang='lat' dir='ltr'>AT</span> <span class='ocrx_word' id='word_1_98' title='bbox 746 821 921 861; x_wconf 72' lang='lat' dir='ltr'>saevitum</span> <span class='ocrx_word' id='word_1_99' title='bbox 950 822 991 860; x_wconf 91' lang='lat' dir='ltr'>in</span> <span class='ocrx_word' id='word_1_100' title='bbox 1017 822 1166 875; x_wconf 84' lang='lat' dir='ltr'>Lycios</span> <span class='ocrx_word' id='word_1_101' title='bbox 1194 827 1235 872; x_wconf 86' lang='lat'>⁷,</span> <span class='ocrx_word' id='word_1_102' title='bbox 1270 823 1363 876; x_wconf 81' lang='lat' dir='ltr'>qui,</span> <span class='ocrx_word' id='word_1_103' title='bbox 1390 821 1509 862; x_wconf 58' lang='lat' dir='ltr'>exuta</span> <span class='ocrx_word' id='word_1_104' title='bbox 1536 824 1661 863; x_wconf 89' lang='lat' dir='ltr'>veteri</span> <span class='ocrx_word' id='word_1_105' title='bbox 1687 837 1776 863; x_wconf 88' lang='lat' dir='ltr'>rno-</span> 
     </span>
     <span class='ocr_line' id='line_1_19' title="bbox 393 883 1776 935; baseline 0.001 -11"><span class='ocrx_word' id='word_1_106' title='bbox 393 883 538 932; x_wconf 67' lang='lat' dir='ltr'>destifi,</span> <span class='ocrx_word' id='word_1_107' title='bbox 570 883 795 924; x_wconf 83' lang='lat' dir='ltr'>exitialibus</span> <span class='ocrx_word' id='word_1_108' title='bbox 822 885 925 924; x_wconf 84' lang='lat' dir='ltr'>inter</span> <span class='ocrx_word' id='word_1_109' title='bbox 964 884 1001 923; x_wconf 91' lang='lat' dir='ltr'>se</span> <span class='ocrx_word' id='word_1_110' title='bbox 1031 884 1237 926; x_wconf 86' lang='lat' dir='ltr'>discordiis</span> <span class='ocrx_word' id='word_1_111' title='bbox 1264 884 1524 935; x_wconf 84' lang='lat' dir='ltr'>laborabant,</span> <span class='ocrx_word' id='word_1_112' title='bbox 1553 889 1594 925; x_wconf 62' lang='grc' dir='ltr'>ὃς</span> <span class='ocrx_word' id='word_1_113' title='bbox 1621 886 1776 926; x_wconf 81' lang='lat' dir='ltr'>Rorna-</span> 
     </span>
     <span class='ocr_line' id='line_1_20' title="bbox 392 945 1778 1003; baseline 0.001 -17"><span class='ocrx_word' id='word_1_114' title='bbox 392 961 464 987; x_wconf 88' lang='lat' dir='ltr'>nos</span> <span class='ocrx_word' id='word_1_115' title='bbox 487 945 639 999; x_wconf 87' lang='lat' dir='ltr'>aliquot</span> <span class='ocrx_word' id='word_1_116' title='bbox 659 946 905 987; x_wconf 87' lang='lat' dir='ltr'>occiderant.</span> <span class='ocrx_word' id='word_1_117' title='bbox 927 947 978 986; x_wconf 84' lang='lat' dir='ltr'>Iis</span> <span class='ocrx_word' id='word_1_118' title='bbox 1000 947 1184 1003; x_wconf 85' lang='lat' dir='ltr'>adempta</span> <span class='ocrx_word' id='word_1_119' title='bbox 1203 946 1384 997; x_wconf 84' lang='lat' dir='ltr'>libertas,</span> <span class='ocrx_word' id='word_1_120' title='bbox 1403 947 1519 1002; x_wconf 74' lang='lat' dir='ltr'>quam</span> <span class='ocrx_word' id='word_1_121' title='bbox 1544 948 1640 989; x_wconf 90' lang='lat' dir='ltr'>olim</span> <span class='ocrx_word' id='word_1_122' title='bbox 1660 948 1778 989; x_wconf 89' lang='lat' dir='ltr'>cons-</span> 
     </span>
     <span class='ocr_line' id='line_1_21' title="bbox 390 1007 1778 1067; baseline 0.001 -17"><span class='ocrx_word' id='word_1_123' title='bbox 390 1009 516 1050; x_wconf 64' lang='lat' dir='ltr'>tantia</span> <span class='ocrx_word' id='word_1_124' title='bbox 538 1013 578 1049; x_wconf 75' lang='grc' dir='ltr'>ὅ(</span> <span class='ocrx_word' id='word_1_125' title='bbox 601 1010 704 1059; x_wconf 82' lang='lat' dir='ltr'>fide,</span> <span class='ocrx_word' id='word_1_126' title='bbox 732 1011 866 1064; x_wconf 84' lang='lat' dir='ltr'>piratis</span> <span class='ocrx_word' id='word_1_127' title='bbox 889 1007 903 1031; x_wconf 71' lang='lat'>⁸</span> <span class='ocrx_word' id='word_1_128' title='bbox 933 1011 1054 1049; x_wconf 85' lang='lat' dir='ltr'>maria</span> <span class='ocrx_word' id='word_1_129' title='bbox 1077 1012 1211 1051; x_wconf 83' lang='lat' dir='ltr'>onmia</span> <span class='ocrx_word' id='word_1_130' title='bbox 1228 1011 1525 1061; x_wconf 84' lang='lat' dir='ltr'>infestantibus,</span> <span class='ocrx_word' id='word_1_131' title='bbox 1549 1024 1661 1051; x_wconf 85' lang='lat' dir='ltr'>erant</span> <span class='ocrx_word' id='word_1_132' title='bbox 1685 1026 1778 1067; x_wconf 90' lang='lat' dir='ltr'>pro-</span> 
     </span>
     <span class='ocr_line' id='line_1_22' title="bbox 391 1072 1777 1127; baseline 0.002 -16"><span class='ocrx_word' id='word_1_133' title='bbox 391 1074 537 1112; x_wconf 87' lang='lat' dir='ltr'>meriti.</span> <span class='ocrx_word' id='word_1_134' title='bbox 560 1072 686 1125; x_wconf 86' lang='lat' dir='ltr'>Lycia</span> <span class='ocrx_word' id='word_1_135' title='bbox 708 1072 936 1112; x_wconf 87' lang='lat' dir='ltr'>contributa</span> <span class='ocrx_word' id='word_1_136' title='bbox 955 1072 1196 1127; x_wconf 78' lang='lat' dir='ltr'>Pamphyliae</span> <span class='ocrx_word' id='word_1_137' title='bbox 1217 1076 1301 1113; x_wconf 78' lang='lat' dir='ltr'>turn</span> <span class='ocrx_word' id='word_1_138' title='bbox 1322 1078 1435 1114; x_wconf 76' lang='lat' dir='ltr'>tanto</span> <span class='ocrx_word' id='word_1_139' title='bbox 1454 1073 1646 1123; x_wconf 82' lang='lat' dir='ltr'>fideliori,</span> <span class='ocrx_word' id='word_1_140' title='bbox 1669 1074 1777 1127; x_wconf 81' lang='lat' dir='ltr'>quod</span> 
     </span>
     <span class='ocr_line' id='line_1_23' title="bbox 392 1135 1778 1192; baseline 0.003 -19"><span class='ocrx_word' id='word_1_141' title='bbox 392 1147 484 1174; x_wconf 85' lang='lat' dir='ltr'>ante</span> <span class='ocrx_word' id='word_1_142' title='bbox 510 1135 587 1174; x_wconf 90' lang='lat' dir='ltr'>Cn.</span> <span class='ocrx_word' id='word_1_143' title='bbox 613 1135 796 1190; x_wconf 87' lang='lat' dir='ltr'>Pompeii</span> <span class='ocrx_word' id='word_1_144' title='bbox 824 1140 840 1164; x_wconf 81' lang='lat'><em>9</em></span> <span class='ocrx_word' id='word_1_145' title='bbox 868 1136 1073 1175; x_wconf 56' lang='lat' dir='ltr'>victoriam</span> <span class='ocrx_word' id='word_1_146' title='bbox 1102 1135 1229 1176; x_wconf 89' lang='lat' dir='ltr'>fuerat</span> <span class='ocrx_word' id='word_1_147' title='bbox 1255 1151 1348 1176; x_wconf 89' lang='lat' dir='ltr'>cum</span> <span class='ocrx_word' id='word_1_148' title='bbox 1377 1138 1510 1192; x_wconf 87' lang='lat' dir='ltr'>piratis</span> <span class='ocrx_word' id='word_1_149' title='bbox 1541 1136 1778 1177; x_wconf 86' lang='lat' dir='ltr'>latrocinio-</span> 
     </span>
     <span class='ocr_line' id='line_1_24' title="bbox 393 1197 631 1238; baseline 0.004 -1"><span class='ocrx_word' id='word_1_150' title='bbox 393 1212 480 1237; x_wconf 81' lang='lat' dir='ltr'>rum</span> <span class='ocrx_word' id='word_1_151' title='bbox 511 1197 631 1238; x_wconf 86' lang='lat' dir='ltr'>socia.</span> 
     </span>
    </p>

    <p class='ocr_par' dir='ltr' id='par_1_9' title="bbox 394 1260 1778 1378">
     <span class='ocr_line' id='line_1_25' title="bbox 456 1260 1778 1318; baseline 0.004 -18"><span class='ocrx_word' id='word_1_152' title='bbox 456 1260 628 1301; x_wconf 86' lang='lat' dir='ltr'><strong>XLVI.</strong></span> <span class='ocrx_word' id='word_1_153' title='bbox 663 1260 783 1300; x_wconf 84' lang='lat' dir='ltr'>DUM</span> <span class='ocrx_word' id='word_1_154' title='bbox 812 1260 1003 1302; x_wconf 84' lang='lat' dir='ltr'>Claudius</span> <span class='ocrx_word' id='word_1_155' title='bbox 1029 1264 1104 1303; x_wconf 87' lang='lat' dir='ltr'>hac</span> <span class='ocrx_word' id='word_1_156' title='bbox 1132 1262 1181 1302; x_wconf 90' lang='lat' dir='ltr'>de</span> <span class='ocrx_word' id='word_1_157' title='bbox 1211 1278 1250 1303; x_wconf 90' lang='lat' dir='ltr'>re</span> <span class='ocrx_word' id='word_1_158' title='bbox 1274 1264 1315 1302; x_wconf 90' lang='lat' dir='ltr'>in</span> <span class='ocrx_word' id='word_1_159' title='bbox 1344 1261 1451 1304; x_wconf 59' lang='lat' dir='ltr'>curi&amp;</span> <span class='ocrx_word' id='word_1_160' title='bbox 1480 1262 1778 1318; x_wconf 83' lang='lat' dir='ltr'>cognoscebat,</span> 
     </span>
     <span class='ocr_line' id='line_1_26' title="bbox 394 1324 1777 1378; baseline 0.003 -14"><span class='ocrx_word' id='word_1_161' title='bbox 394 1324 569 1377; x_wconf 80' lang='lat' dir='ltr'>Lycium</span> <span class='ocrx_word' id='word_1_162' title='bbox 600 1324 811 1377; x_wconf 83' lang='lat' dir='ltr'>quemdam</span> <span class='ocrx_word' id='word_1_163' title='bbox 838 1330 887 1375; x_wconf 75' lang='lat'>¹0,</span> <span class='ocrx_word' id='word_1_164' title='bbox 922 1326 1052 1365; x_wconf 81' lang='lat' dir='ltr'>civem</span> <span class='ocrx_word' id='word_1_165' title='bbox 1081 1327 1338 1376; x_wconf 81' lang='lat' dir='ltr'>Romanum,</span> <span class='ocrx_word' id='word_1_166' title='bbox 1366 1326 1511 1367; x_wconf 75' lang='lat' dir='ltr'>Latine</span> <span class='ocrx_word' id='word_1_167' title='bbox 1540 1326 1777 1378; x_wconf 81' lang='lat' dir='ltr'>adlocutus,</span> 
     </span>
    </p>
   </div>
   <div class='ocr_carea' id='block_1_8' title="bbox 393 1447 1091 2382">
    <p class='ocr_par' dir='ltr' id='par_1_10' title="bbox 395 1447 1088 1516">
     <span class='ocr_line' id='line_1_27' title="bbox 395 1447 1088 1484; baseline 0.006 -10"><span class='ocrx_word' id='word_1_168' title='bbox 395 1455 462 1484; x_wconf 85' lang='lat' dir='ltr'>pag.</span> <span class='ocrx_word' id='word_1_169' title='bbox 492 1455 560 1482; x_wconf 83' lang='lat'>304.</span> <span class='ocrx_word' id='word_1_170' title='bbox 584 1447 636 1475; x_wconf 90' lang='lat' dir='ltr'>TI.</span> <span class='ocrx_word' id='word_1_171' title='bbox 661 1447 860 1477; x_wconf 87' lang='lat' dir='ltr'>CLAVDIO.</span> <span class='ocrx_word' id='word_1_172' title='bbox 879 1448 990 1478; x_wconf 78' lang='lat' dir='ltr'>CAES.</span> <span class='ocrx_word' id='word_1_173' title='bbox 1011 1449 1066 1478; x_wconf 85' lang='lat' dir='ltr'>III.</span> <span class='ocrx_word' id='word_1_174' title='bbox 1084 1452 1088 1473; x_wconf 67' lang='grc' dir='ltr'>ἔ</span> 
     </span>
     <span class='ocr_line' id='line_1_28' title="bbox 395 1486 834 1516; baseline 0.005 -2"><span class='ocrx_word' id='word_1_175' title='bbox 395 1486 434 1514; x_wconf 91' lang='lat' dir='ltr'>L.</span> <span class='ocrx_word' id='word_1_176' title='bbox 459 1486 660 1515; x_wconf 84' lang='lat' dir='ltr'>VITELLIO</span> <span class='ocrx_word' id='word_1_177' title='bbox 685 1487 723 1515; x_wconf 87' lang='lat' dir='ltr'>II.</span> <span class='ocrx_word' id='word_1_178' title='bbox 747 1488 834 1516; x_wconf 81' lang='lat' dir='ltr'>COS.</span> 
     </span>
    </p>

    <p class='ocr_par' dir='ltr' id='par_1_11' title="bbox 436 1524 1066 1565">
     <span class='ocr_line' id='line_1_29' title="bbox 436 1524 1066 1565; baseline 0.006 -12"><span class='ocrx_word' id='word_1_179' title='bbox 436 1529 444 1542; x_wconf 84' lang='lat'><em>¹</em></span> <span class='ocrx_word' id='word_1_180' title='bbox 469 1525 676 1562; x_wconf 71' lang='lat' dir='ltr'>CREVERAT]</span> <span class='ocrx_word' id='word_1_181' title='bbox 700 1524 762 1555; x_wconf 90' lang='lat' dir='ltr'>Dio</span> <span class='ocrx_word' id='word_1_182' title='bbox 778 1549 786 1562; x_wconf 90' lang='lat'>,</span> <span class='ocrx_word' id='word_1_183' title='bbox 809 1527 876 1555; x_wconf 79' lang='lat' dir='ltr'>LX.</span> <span class='ocrx_word' id='word_1_184' title='bbox 904 1537 971 1565; x_wconf 77' lang='lat' dir='ltr'>pag.</span> <span class='ocrx_word' id='word_1_185' title='bbox 995 1531 1066 1565; x_wconf 81' lang='lat'>676.</span> 
     </span>
    </p>

    <p class='ocr_par' dir='ltr' id='par_1_12' title="bbox 393 1564 1070 2294">
     <span class='ocr_line' id='line_1_30' title="bbox 435 1564 1067 1602; baseline 0.006 -10"><span class='ocrx_word' id='word_1_186' title='bbox 435 1568 447 1581; x_wconf 85' lang='lat'><em>²</em></span> <span class='ocrx_word' id='word_1_187' title='bbox 470 1564 543 1593; x_wconf 72' lang='lat' dir='ltr'>Non</span> <span class='ocrx_word' id='word_1_188' title='bbox 566 1567 761 1602; x_wconf 71' lang='lat' dir='ltr'>rxsrmxxr]</span> <span class='ocrx_word' id='word_1_189' title='bbox 785 1566 884 1595; x_wconf 86' lang='lat' dir='ltr'>Immo</span> <span class='ocrx_word' id='word_1_190' title='bbox 914 1574 977 1595; x_wconf 70' lang='lat' dir='ltr'>ram</span> <span class='ocrx_word' id='word_1_191' title='bbox 1004 1567 1067 1597; x_wconf 72' lang='lat' dir='ltr'>cito</span> 
     </span>
     <span class='ocr_line' id='line_1_31' title="bbox 393 1602 1068 1643; baseline 0.006 -13"><span class='ocrx_word' id='word_1_192' title='bbox 393 1602 573 1636; x_wconf 79' lang='lat' dir='ltr'>recruduit,</span> <span class='ocrx_word' id='word_1_193' title='bbox 606 1612 638 1632; x_wconf 89' lang='lat' dir='ltr'>ut</span> <span class='ocrx_word' id='word_1_194' title='bbox 660 1626 668 1639; x_wconf 91' lang='lat'>‚</span> <span class='ocrx_word' id='word_1_195' title='bbox 703 1604 831 1633; x_wconf 82' lang='lat' dir='ltr'>Nerone</span> <span class='ocrx_word' id='word_1_196' title='bbox 862 1604 1068 1643; x_wconf 82' lang='lat' dir='ltr'>principatum</span> 
     </span>
     <span class='ocr_line' id='line_1_32' title="bbox 394 1641 1067 1677; baseline 0.007 -8"><span class='ocrx_word' id='word_1_197' title='bbox 394 1641 522 1670; x_wconf 76' lang='lat' dir='ltr'>ineunte</span> <span class='ocrx_word' id='word_1_198' title='bbox 535 1665 542 1677; x_wconf 84' lang='grc'>,</span> <span class='ocrx_word' id='word_1_199' title='bbox 569 1641 667 1671; x_wconf 82' lang='lat' dir='ltr'>adhuc</span> <span class='ocrx_word' id='word_1_200' title='bbox 688 1642 894 1672; x_wconf 74' lang='lat' dir='ltr'>consultatum</span> <span class='ocrx_word' id='word_1_201' title='bbox 909 1667 917 1677; x_wconf 83' lang='lat'>‚</span> <span class='ocrx_word' id='word_1_202' title='bbox 933 1652 967 1673; x_wconf 82' lang='lat' dir='ltr'>ut</span> <span class='ocrx_word' id='word_1_203' title='bbox 983 1644 1067 1673; x_wconf 85' lang='lat' dir='ltr'>divi-</span> 
     </span>
     <span class='ocr_line' id='line_1_33' title="bbox 394 1680 1068 1722; baseline 0.006 -14"><span class='ocrx_word' id='word_1_204' title='bbox 394 1680 540 1709; x_wconf 77' lang='lat' dir='ltr'>derentur</span> <span class='ocrx_word' id='word_1_205' title='bbox 565 1680 638 1710; x_wconf 80' lang='lat' dir='ltr'>sacri</span> <span class='ocrx_word' id='word_1_206' title='bbox 660 1681 694 1711; x_wconf 65' lang='grc' dir='ltr'>ὃς</span> <span class='ocrx_word' id='word_1_207' title='bbox 714 1681 869 1719; x_wconf 76' lang='lat' dir='ltr'>negotioli</span> <span class='ocrx_word' id='word_1_208' title='bbox 892 1682 955 1712; x_wconf 84' lang='lat' dir='ltr'>dies</span> <span class='ocrx_word' id='word_1_209' title='bbox 969 1705 976 1717; x_wconf 88' lang='lat'>,</span> <span class='ocrx_word' id='word_1_210' title='bbox 1001 1684 1068 1722; x_wconf 86' lang='lat' dir='ltr'>quis</span> 
     </span>
     <span class='ocr_line' id='line_1_34' title="bbox 394 1719 1070 1754; baseline 0.004 -6"><span class='ocrx_word' id='word_1_211' title='bbox 394 1719 502 1748; x_wconf 85' lang='lat' dir='ltr'>divina</span> <span class='ocrx_word' id='word_1_212' title='bbox 520 1720 698 1749; x_wconf 82' lang='lat' dir='ltr'>colerentur</span> <span class='ocrx_word' id='word_1_213' title='bbox 710 1743 718 1754; x_wconf 91' lang='lat'>‚</span> <span class='ocrx_word' id='word_1_214' title='bbox 745 1720 925 1750; x_wconf 82' lang='lat' dir='ltr'>&amp;humana</span> <span class='ocrx_word' id='word_1_215' title='bbox 937 1732 1002 1751; x_wconf 86' lang='lat' dir='ltr'>non</span> <span class='ocrx_word' id='word_1_216' title='bbox 1016 1724 1070 1751; x_wconf 88' lang='lat' dir='ltr'>im-</span> 
     </span>
     <span class='ocr_line' id='line_1_35' title="bbox 394 1758 1068 1798; baseline 0.004 -11"><span class='ocrx_word' id='word_1_217' title='bbox 394 1758 573 1797; x_wconf 80' lang='lat' dir='ltr'>pedirentur</span> <span class='ocrx_word' id='word_1_218' title='bbox 584 1783 592 1796; x_wconf 95' lang='lat'>,</span> <span class='ocrx_word' id='word_1_219' title='bbox 617 1767 651 1789; x_wconf 84' lang='lat' dir='ltr'>ut</span> <span class='ocrx_word' id='word_1_220' title='bbox 663 1758 777 1789; x_wconf 61' lang='lat' dir='ltr'>difflum</span> <span class='ocrx_word' id='word_1_221' title='bbox 796 1760 835 1789; x_wconf 87' lang='lat' dir='ltr'>est</span> <span class='ocrx_word' id='word_1_222' title='bbox 846 1761 958 1790; x_wconf 89' lang='lat' dir='ltr'>Annal.</span> <span class='ocrx_word' id='word_1_223' title='bbox 974 1762 1068 1798; x_wconf 84' lang='lat' dir='ltr'>XIII,</span> 
     </span>
     <span class='ocr_line' id='line_1_36' title="bbox 395 1808 445 1836; baseline 0 -10"><span class='ocrx_word' id='word_1_224' title='bbox 395 1808 445 1836; x_wconf 75' lang='lat'>41·</span> 
     </span>
     <span class='ocr_line' id='line_1_37' title="bbox 436 1837 1065 1874; baseline 0.006 -9"><span class='ocrx_word' id='word_1_225' title='bbox 436 1843 444 1862; x_wconf 83' lang='lat'><em>3</em></span> <span class='ocrx_word' id='word_1_226' title='bbox 471 1837 664 1874; x_wconf 56' lang='lat' dir='ltr'>szuun]</span> <span class='ocrx_word' id='word_1_227' title='bbox 688 1838 732 1867; x_wconf 90' lang='lat' dir='ltr'>Ita</span> <span class='ocrx_word' id='word_1_228' title='bbox 752 1846 785 1868; x_wconf 86' lang='lat' dir='ltr'>ut</span> <span class='ocrx_word' id='word_1_229' title='bbox 800 1846 884 1868; x_wconf 81' lang='lat' dir='ltr'>totus</span> <span class='ocrx_word' id='word_1_230' title='bbox 899 1838 996 1869; x_wconf 85' lang='lat' dir='ltr'>ferme</span> <span class='ocrx_word' id='word_1_231' title='bbox 1011 1849 1065 1869; x_wconf 89' lang='lat' dir='ltr'>an-</span> 
     </span>
     <span class='ocr_line' id='line_1_38' title="bbox 394 1876 1068 1913; baseline 0.006 -9"><span class='ocrx_word' id='word_1_232' title='bbox 394 1886 450 1905; x_wconf 75' lang='lat' dir='ltr'>nus</span> <span class='ocrx_word' id='word_1_233' title='bbox 462 1876 513 1905; x_wconf 82' lang='lat' dir='ltr'>vel</span> <span class='ocrx_word' id='word_1_234' title='bbox 524 1876 611 1905; x_wconf 66' lang='lat' dir='ltr'>sacris</span> <span class='ocrx_word' id='word_1_235' title='bbox 626 1876 677 1905; x_wconf 79' lang='lat' dir='ltr'>vel</span> <span class='ocrx_word' id='word_1_236' title='bbox 692 1876 771 1906; x_wconf 76' lang='lat' dir='ltr'>ludis</span> <span class='ocrx_word' id='word_1_237' title='bbox 785 1878 995 1908; x_wconf 74' lang='lat' dir='ltr'>absumeretur</span> <span class='ocrx_word' id='word_1_238' title='bbox 1006 1902 1014 1913; x_wconf 85' lang='lat'>‚</span> <span class='ocrx_word' id='word_1_239' title='bbox 1036 1887 1068 1908; x_wconf 85' lang='lat' dir='ltr'>ut</span> 
     </span>
     <span class='ocr_line' id='line_1_39' title="bbox 396 1916 1068 1954; baseline 0.006 -12"><span class='ocrx_word' id='word_1_240' title='bbox 396 1923 478 1953; x_wconf 85' lang='lat' dir='ltr'>patet</span> <span class='ocrx_word' id='word_1_241' title='bbox 507 1925 544 1944; x_wconf 77' lang='lat' dir='ltr'>ex</span> <span class='ocrx_word' id='word_1_242' title='bbox 566 1916 720 1945; x_wconf 80' lang='lat' dir='ltr'>veteribus</span> <span class='ocrx_word' id='word_1_243' title='bbox 736 1916 940 1946; x_wconf 79' lang='lat' dir='ltr'>Kalendariis.</span> <span class='ocrx_word' id='word_1_244' title='bbox 965 1920 1068 1954; x_wconf 85' lang='lat' dir='ltr'>Quan-</span> 
     </span>
     <span class='ocr_line' id='line_1_40' title="bbox 395 1953 1068 1993; baseline 0.006 -11"><span class='ocrx_word' id='word_1_245' title='bbox 395 1963 461 1983; x_wconf 81' lang='lat' dir='ltr'>tum</span> <span class='ocrx_word' id='word_1_246' title='bbox 477 1953 549 1983; x_wconf 78' lang='lat' dir='ltr'>inde</span> <span class='ocrx_word' id='word_1_247' title='bbox 570 1954 603 1984; x_wconf 83' lang='lat'>&amp;</span> <span class='ocrx_word' id='word_1_248' title='bbox 620 1954 808 1993; x_wconf 74' lang='lat' dir='ltr'>religionum</span> <span class='ocrx_word' id='word_1_249' title='bbox 833 1957 866 1986; x_wconf 88' lang='lat'>&amp;</span> <span class='ocrx_word' id='word_1_250' title='bbox 885 1957 1068 1986; x_wconf 83' lang='lat' dir='ltr'>commercii</span> 
     </span>
     <span class='ocr_line' id='line_1_41' title="bbox 396 1992 1068 2032; baseline 0.006 -11"><span class='ocrx_word' id='word_1_251' title='bbox 396 1992 616 2022; x_wconf 83' lang='lat' dir='ltr'>detrimentum</span> <span class='ocrx_word' id='word_1_252' title='bbox 651 2002 821 2032; x_wconf 75' lang='lat' dir='ltr'>emergeret</span> <span class='ocrx_word' id='word_1_253' title='bbox 849 1994 940 2025; x_wconf 88' lang='lat' dir='ltr'>facile</span> <span class='ocrx_word' id='word_1_254' title='bbox 971 1996 1068 2025; x_wconf 83' lang='lat' dir='ltr'>cuivis</span> 
     </span>
     <span class='ocr_line' id='line_1_42' title="bbox 395 2031 1067 2072; baseline 0.009 -13"><span class='ocrx_word' id='word_1_255' title='bbox 395 2031 549 2060; x_wconf 52' lang='lat' dir='ltr'>collimat-e.</span> <span class='ocrx_word' id='word_1_256' title='bbox 568 2032 700 2067; x_wconf 55' lang='lat' dir='ltr'>Saltem,</span> <span class='ocrx_word' id='word_1_257' title='bbox 727 2043 765 2062; x_wconf 86' lang='lat' dir='ltr'>ne</span> <span class='ocrx_word' id='word_1_258' title='bbox 786 2033 842 2063; x_wconf 74' lang='lat' dir='ltr'>bac</span> <span class='ocrx_word' id='word_1_259' title='bbox 859 2034 981 2072; x_wconf 70' lang='lat' dir='ltr'>pietatis</span> <span class='ocrx_word' id='word_1_260' title='bbox 1000 2035 1067 2067; x_wconf 75' lang='lat' dir='ltr'>spe-</span> 
     </span>
     <span class='ocr_line' id='line_1_43' title="bbox 396 2070 1067 2109; baseline 0.006 -10"><span class='ocrx_word' id='word_1_261' title='bbox 396 2070 443 2100; x_wconf 79' lang='lat' dir='ltr'>cie</span> <span class='ocrx_word' id='word_1_262' title='bbox 464 2070 506 2099; x_wconf 73' lang='lat' dir='ltr'>fas</span> <span class='ocrx_word' id='word_1_263' title='bbox 525 2070 629 2109; x_wconf 78' lang='lat' dir='ltr'>jusque</span> <span class='ocrx_word' id='word_1_264' title='bbox 650 2071 846 2106; x_wconf 73' lang='lat' dir='ltr'>vanesceret,</span> <span class='ocrx_word' id='word_1_265' title='bbox 869 2074 910 2102; x_wconf 80' lang='lat' dir='ltr'>M.</span> <span class='ocrx_word' id='word_1_266' title='bbox 928 2074 1067 2103; x_wconf 82' lang='lat' dir='ltr'>Aurelius</span> 
     </span>
     <span class='ocr_line' id='line_1_44' title="bbox 396 2109 1070 2149; baseline 0.004 -11"><span class='ocrx_word' id='word_1_267' title='bbox 396 2109 574 2139; x_wconf 71' lang='lat' dir='ltr'>Antoninus</span> <span class='ocrx_word' id='word_1_268' title='bbox 604 2111 706 2147; x_wconf 80' lang='lat' dir='ltr'>postea</span> <span class='ocrx_word' id='word_1_269' title='bbox 722 2110 803 2149; x_wconf 57' lang='lat' dir='ltr'>fastis</span> <span class='ocrx_word' id='word_1_270' title='bbox 828 2112 886 2140; x_wconf 47' lang='lat' dir='ltr'>dias</span> <span class='ocrx_word' id='word_1_271' title='bbox 906 2112 1070 2149; x_wconf 64' lang='lat' dir='ltr'>judiciarios</span> 
     </span>
     <span class='ocr_line' id='line_1_45' title="bbox 397 2146 1070 2189; baseline 0.006 -13"><span class='ocrx_word' id='word_1_272' title='bbox 397 2146 520 2182; x_wconf 57' lang='lat' dir='ltr'>addidit,</span> <span class='ocrx_word' id='word_1_273' title='bbox 541 2149 581 2176; x_wconf 47' lang='lat' dir='ltr'>iaz</span> <span class='ocrx_word' id='word_1_274' title='bbox 599 2158 628 2176; x_wconf 78' lang='lat' dir='ltr'>ut</span> <span class='ocrx_word' id='word_1_275' title='bbox 653 2148 781 2178; x_wconf 53' lang='lat' dir='ltr'>ducentos</span> <span class='ocrx_word' id='word_1_276' title='bbox 802 2151 919 2189; x_wconf 65' lang='lat' dir='ltr'>trigiam</span> <span class='ocrx_word' id='word_1_277' title='bbox 937 2150 994 2180; x_wconf 60' lang='grc' dir='ltr'>ὀξεῖ</span> <span class='ocrx_word' id='word_1_278' title='bbox 1016 2162 1070 2180; x_wconf 67' lang='grc' dir='ltr'>απ-</span> 
     </span>
     <span class='ocr_line' id='line_1_46' title="bbox 396 2186 1070 2227; baseline 0.009 -14"><span class='ocrx_word' id='word_1_279' title='bbox 396 2195 465 2214; x_wconf 73' lang='lat' dir='ltr'>nuos</span> <span class='ocrx_word' id='word_1_280' title='bbox 485 2186 562 2214; x_wconf 69' lang='lat' dir='ltr'>rebus</span> <span class='ocrx_word' id='word_1_281' title='bbox 584 2189 699 2225; x_wconf 63' lang='lat' dir='ltr'>agendis</span> <span class='ocrx_word' id='word_1_282' title='bbox 721 2188 859 2227; x_wconf 63' lang='lat' dir='ltr'>lirihufiyue</span> <span class='ocrx_word' id='word_1_283' title='bbox 889 2189 1070 2227; x_wconf 67' lang='lat' dir='ltr'>disceptandis</span> 
     </span>
     <span class='ocr_line' id='line_1_47' title="bbox 398 2224 1068 2265; baseline 0.012 -12"><span class='ocrx_word' id='word_1_284' title='bbox 398 2224 575 2263; x_wconf 56' lang='lat' dir='ltr'>constitueres.</span> <span class='ocrx_word' id='word_1_285' title='bbox 591 2227 649 2256; x_wconf 89' lang='lat' dir='ltr'>Jul.</span> <span class='ocrx_word' id='word_1_286' title='bbox 667 2227 840 2265; x_wconf 86' lang='lat' dir='ltr'>Capitolin.</span> <span class='ocrx_word' id='word_1_287' title='bbox 859 2228 893 2258; x_wconf 88' lang='lat' dir='ltr'>in</span> <span class='ocrx_word' id='word_1_288' title='bbox 906 2230 947 2259; x_wconf 83' lang='lat' dir='ltr'>M.</span> <span class='ocrx_word' id='word_1_289' title='bbox 965 2233 1068 2261; x_wconf 82' lang='lat' dir='ltr'>Anto—</span> 
     </span>
     <span class='ocr_line' id='line_1_48' title="bbox 402 2263 528 2294; baseline -0.016 0"><span class='ocrx_word' id='word_1_290' title='bbox 402 2263 468 2294; x_wconf 89' lang='lat' dir='ltr'>nin.</span> <span class='ocrx_word' id='word_1_291' title='bbox 490 2265 528 2292; x_wconf 91' lang='lat' dir='ltr'>X.</span> 
     </span>
    </p>

    <p class='ocr_par' dir='ltr' id='par_1_13' title="bbox 435 2303 939 2340">
     <span class='ocr_line' id='line_1_49' title="bbox 435 2303 939 2340; baseline 0.012 -10"><span class='ocrx_word' id='word_1_292' title='bbox 435 2307 450 2325; x_wconf 79' lang='lat'>4</span> <span class='ocrx_word' id='word_1_293' title='bbox 472 2303 647 2333; x_wconf 68' lang='lat' dir='ltr'>Rtsrirum</span> <span class='ocrx_word' id='word_1_294' title='bbox 664 2305 677 2340; x_wconf 96' lang='lat'>]</span> <span class='ocrx_word' id='word_1_295' title='bbox 699 2304 761 2334; x_wconf 92' lang='lat' dir='ltr'>Dio</span> <span class='ocrx_word' id='word_1_296' title='bbox 775 2328 783 2340; x_wconf 88' lang='lat'>‚</span> <span class='ocrx_word' id='word_1_297' title='bbox 806 2306 867 2336; x_wconf 88' lang='lat' dir='ltr'>loc.</span> <span class='ocrx_word' id='word_1_298' title='bbox 885 2306 939 2336; x_wconf 84' lang='lat' dir='ltr'>cit.</span> 
     </span>
    </p>

    <p class='ocr_par' dir='ltr' id='par_1_14' title="bbox 438 2342 1091 2382">
     <span class='ocr_line' id='line_1_50' title="bbox 438 2342 1091 2382; baseline 0.011 -12"><span class='ocrx_word' id='word_1_299' title='bbox 438 2347 446 2370; x_wconf 84' lang='lat'><em>5</em></span> <span class='ocrx_word' id='word_1_300' title='bbox 472 2342 623 2373; x_wconf 64' lang='lat' dir='ltr'>Coxssuro</span> <span class='ocrx_word' id='word_1_301' title='bbox 640 2343 652 2380; x_wconf 92' lang='lat'>]</span> <span class='ocrx_word' id='word_1_302' title='bbox 675 2343 720 2373; x_wconf 84' lang='lat' dir='ltr'>De</span> <span class='ocrx_word' id='word_1_303' title='bbox 735 2354 797 2382; x_wconf 79' lang='lat' dir='ltr'>quo</span> <span class='ocrx_word' id='word_1_304' title='bbox 813 2346 876 2382; x_wconf 69' lang='lat' dir='ltr'>jam</span> <span class='ocrx_word' id='word_1_305' title='bbox 891 2346 1006 2377; x_wconf 58' lang='lat' dir='ltr'>dietum</span> <span class='ocrx_word' id='word_1_306' title='bbox 1023 2345 1069 2376; x_wconf 88' lang='lat' dir='ltr'>su·</span> <span class='ocrx_word' id='word_1_307' title='bbox 1086 2351 1091 2382; x_wconf 77' lang='lat' dir='ltr'>l</span> 
     </span>
    </p>
   </div>
   <div class='ocr_carea' id='block_1_9' title="bbox 1105 1447 1782 2307">
    <p class='ocr_par' dir='ltr' id='par_1_15' title="bbox 1105 1447 1737 1488">
     <span class='ocr_line' id='line_1_51' title="bbox 1105 1447 1737 1488; baseline -0.002 -10"><span class='ocrx_word' id='word_1_308' title='bbox 1105 1450 1157 1488; x_wconf 68' lang='lat' dir='ltr'>pra</span> <span class='ocrx_word' id='word_1_309' title='bbox 1173 1449 1206 1478; x_wconf 90' lang='lat' dir='ltr'>in</span> <span class='ocrx_word' id='word_1_310' title='bbox 1223 1447 1445 1487; x_wconf 85' lang='lat' dir='ltr'>Supplemento</span> <span class='ocrx_word' id='word_1_311' title='bbox 1467 1449 1578 1479; x_wconf 86' lang='lat' dir='ltr'>Annal.</span> <span class='ocrx_word' id='word_1_312' title='bbox 1595 1451 1687 1485; x_wconf 89' lang='lat' dir='ltr'>VIII,</span> <span class='ocrx_word' id='word_1_313' title='bbox 1709 1459 1737 1478; x_wconf 83' lang='lat'>2.</span> 
     </span>
    </p>

    <p class='ocr_par' dir='ltr' id='par_1_16' title="bbox 1105 1488 1779 1644">
     <span class='ocr_line' id='line_1_52' title="bbox 1144 1488 1779 1524; baseline 0 -7"><span class='ocrx_word' id='word_1_314' title='bbox 1144 1490 1156 1507; x_wconf 81' lang='lat'>⁶</span> <span class='ocrx_word' id='word_1_315' title='bbox 1178 1489 1326 1518; x_wconf 64' lang='lat' dir='ltr'>Momm</span> <span class='ocrx_word' id='word_1_316' title='bbox 1348 1489 1455 1524; x_wconf 75' lang='grc' dir='ltr'><strong>ιεοε]</strong></span> <span class='ocrx_word' id='word_1_317' title='bbox 1479 1491 1580 1518; x_wconf 86' lang='lat' dir='ltr'>Antea</span> <span class='ocrx_word' id='word_1_318' title='bbox 1605 1488 1688 1518; x_wconf 84' lang='lat' dir='ltr'>enim</span> <span class='ocrx_word' id='word_1_319' title='bbox 1711 1488 1779 1518; x_wconf 88' lang='lat' dir='ltr'>fue—</span> 
     </span>
     <span class='ocr_line' id='line_1_53' title="bbox 1105 1527 1778 1565; baseline -0.001 -8"><span class='ocrx_word' id='word_1_320' title='bbox 1105 1536 1150 1557; x_wconf 81' lang='lat' dir='ltr'>rat</span> <span class='ocrx_word' id='word_1_321' title='bbox 1166 1527 1316 1557; x_wconf 81' lang='lat' dir='ltr'>sancitum</span> <span class='ocrx_word' id='word_1_322' title='bbox 1329 1550 1338 1562; x_wconf 88' lang='lat'>‚</span> <span class='ocrx_word' id='word_1_323' title='bbox 1358 1535 1392 1556; x_wconf 88' lang='lat' dir='ltr'>ut</span> <span class='ocrx_word' id='word_1_324' title='bbox 1406 1536 1477 1557; x_wconf 85' lang='lat' dir='ltr'>ante</span> <span class='ocrx_word' id='word_1_325' title='bbox 1493 1528 1646 1558; x_wconf 83' lang='lat' dir='ltr'>Kalendas</span> <span class='ocrx_word' id='word_1_326' title='bbox 1659 1527 1778 1565; x_wconf 82' lang='lat' dir='ltr'>Apriles</span> 
     </span>
     <span class='ocr_line' id='line_1_54' title="bbox 1107 1565 1778 1604; baseline 0.001 -8"><span class='ocrx_word' id='word_1_327' title='bbox 1107 1577 1144 1596; x_wconf 80' lang='lat' dir='ltr'>ex</span> <span class='ocrx_word' id='word_1_328' title='bbox 1164 1567 1245 1596; x_wconf 88' lang='lat' dir='ltr'>Urbe</span> <span class='ocrx_word' id='word_1_329' title='bbox 1266 1565 1531 1604; x_wconf 85' lang='lat' dir='ltr'>proficiscerentur</span> <span class='ocrx_word' id='word_1_330' title='bbox 1549 1587 1558 1602; x_wconf 90' lang='lat'>,</span> <span class='ocrx_word' id='word_1_331' title='bbox 1584 1575 1617 1597; x_wconf 90' lang='lat' dir='ltr'>ut</span> <span class='ocrx_word' id='word_1_332' title='bbox 1641 1566 1778 1598; x_wconf 87' lang='lat' dir='ltr'>vidimus</span> 
     </span>
     <span class='ocr_line' id='line_1_55' title="bbox 1106 1606 1348 1644; baseline -0.004 -9"><span class='ocrx_word' id='word_1_333' title='bbox 1106 1606 1193 1644; x_wconf 73' lang='lat' dir='ltr'>supra</span> <span class='ocrx_word' id='word_1_334' title='bbox 1212 1615 1277 1644; x_wconf 79' lang='lat' dir='ltr'>cap.</span> <span class='ocrx_word' id='word_1_335' title='bbox 1298 1609 1348 1635; x_wconf 85' lang='lat'>26.</span> 
     </span>
    </p>

    <p class='ocr_par' dir='ltr' id='par_1_17' title="bbox 1107 1644 1778 1722">
     <span class='ocr_line' id='line_1_56' title="bbox 1146 1644 1778 1682; baseline 0 -9"><span class='ocrx_word' id='word_1_336' title='bbox 1146 1650 1158 1669; x_wconf 91' lang='lat'>7</span> <span class='ocrx_word' id='word_1_337' title='bbox 1180 1646 1334 1675; x_wconf 64' lang='lat' dir='ltr'>Sffivirum</span> <span class='ocrx_word' id='word_1_338' title='bbox 1356 1655 1386 1674; x_wconf 74' lang='lat' dir='ltr'>in</span> <span class='ocrx_word' id='word_1_339' title='bbox 1410 1645 1559 1682; x_wconf 71' lang='lat' dir='ltr'>Lmos]</span> <span class='ocrx_word' id='word_1_340' title='bbox 1582 1644 1644 1675; x_wconf 88' lang='lat' dir='ltr'>Dio</span> <span class='ocrx_word' id='word_1_341' title='bbox 1663 1667 1672 1681; x_wconf 86' lang='lat'>‚</span> <span class='ocrx_word' id='word_1_342' title='bbox 1707 1645 1778 1674; x_wconf 87' lang='lat' dir='ltr'>LX.</span> 
     </span>
     <span class='ocr_line' id='line_1_57' title="bbox 1107 1687 1265 1722; baseline 0.006 -10"><span class='ocrx_word' id='word_1_343' title='bbox 1107 1693 1173 1722; x_wconf 73' lang='lat' dir='ltr'>pag.</span> <span class='ocrx_word' id='word_1_344' title='bbox 1193 1687 1265 1721; x_wconf 85' lang='lat'>676.</span> 
     </span>
    </p>

    <p class='ocr_par' dir='ltr' id='par_1_18' title="bbox 1106 1720 1781 1920">
     <span class='ocr_line' id='line_1_58' title="bbox 1147 1720 1781 1756; baseline -0.003 -4"><span class='ocrx_word' id='word_1_345' title='bbox 1147 1722 1158 1741; x_wconf 75' lang='lat'>⁸</span> <span class='ocrx_word' id='word_1_346' title='bbox 1182 1724 1310 1753; x_wconf 62' lang='lat' dir='ltr'>mems</span> <span class='ocrx_word' id='word_1_347' title='bbox 1330 1727 1340 1756; x_wconf 97' lang='lat'>]</span> <span class='ocrx_word' id='word_1_348' title='bbox 1362 1723 1409 1753; x_wconf 92' lang='lat' dir='ltr'>De</span> <span class='ocrx_word' id='word_1_349' title='bbox 1432 1722 1562 1752; x_wconf 86' lang='lat' dir='ltr'>Piratico</span> <span class='ocrx_word' id='word_1_350' title='bbox 1580 1722 1665 1751; x_wconf 87' lang='lat' dir='ltr'>bello</span> <span class='ocrx_word' id='word_1_351' title='bbox 1693 1720 1781 1750; x_wconf 80' lang='lat' dir='ltr'>dixi-</span> 
     </span>
     <span class='ocr_line' id='line_1_59' title="bbox 1107 1760 1778 1799; baseline 0 -9"><span class='ocrx_word' id='word_1_352' title='bbox 1107 1771 1172 1791; x_wconf 75' lang='lat' dir='ltr'>mus</span> <span class='ocrx_word' id='word_1_353' title='bbox 1188 1761 1273 1799; x_wconf 68' lang='lat' dir='ltr'>supra</span> <span class='ocrx_word' id='word_1_354' title='bbox 1287 1762 1397 1791; x_wconf 85' lang='lat' dir='ltr'>Annal.</span> <span class='ocrx_word' id='word_1_355' title='bbox 1410 1763 1488 1797; x_wconf 80' lang='lat' dir='ltr'>XII,</span> <span class='ocrx_word' id='word_1_356' title='bbox 1499 1765 1548 1791; x_wconf 82' lang='lat'>62.</span> <span class='ocrx_word' id='word_1_357' title='bbox 1564 1762 1599 1789; x_wconf 88' lang='lat' dir='ltr'>In</span> <span class='ocrx_word' id='word_1_358' title='bbox 1612 1760 1672 1790; x_wconf 88' lang='lat' dir='ltr'>hoc</span> <span class='ocrx_word' id='word_1_359' title='bbox 1690 1760 1778 1790; x_wconf 90' lang='lat' dir='ltr'>bello</span> 
     </span>
     <span class='ocr_line' id='line_1_60' title="bbox 1107 1797 1778 1839; baseline -0.003 -9"><span class='ocrx_word' id='word_1_360' title='bbox 1107 1802 1198 1839; x_wconf 71' lang='lat' dir='ltr'>quam</span> <span class='ocrx_word' id='word_1_361' title='bbox 1218 1800 1328 1830; x_wconf 85' lang='lat' dir='ltr'>strenui</span> <span class='ocrx_word' id='word_1_362' title='bbox 1347 1801 1512 1838; x_wconf 83' lang='lat' dir='ltr'>fidelesque</span> <span class='ocrx_word' id='word_1_363' title='bbox 1540 1800 1690 1829; x_wconf 79' lang='lat' dir='ltr'>Romanis</span> <span class='ocrx_word' id='word_1_364' title='bbox 1706 1797 1778 1829; x_wconf 90' lang='lat' dir='ltr'>fue-</span> 
     </span>
     <span class='ocr_line' id='line_1_61' title="bbox 1106 1837 1780 1878; baseline -0.001 -10"><span class='ocrx_word' id='word_1_365' title='bbox 1106 1840 1169 1869; x_wconf 81' lang='lat' dir='ltr'>rint</span> <span class='ocrx_word' id='word_1_366' title='bbox 1182 1840 1291 1878; x_wconf 77' lang='lat' dir='ltr'>Lycii,</span> <span class='ocrx_word' id='word_1_367' title='bbox 1314 1841 1406 1878; x_wconf 69' lang='lat' dir='ltr'>quarn</span> <span class='ocrx_word' id='word_1_368' title='bbox 1422 1841 1496 1869; x_wconf 73' lang='lat' dir='ltr'>vero</span> <span class='ocrx_word' id='word_1_369' title='bbox 1515 1838 1610 1868; x_wconf 82' lang='lat' dir='ltr'>infida</span> <span class='ocrx_word' id='word_1_370' title='bbox 1629 1837 1780 1876; x_wconf 82' lang='lat' dir='ltr'>Pamphy-</span> 
     </span>
     <span class='ocr_line' id='line_1_62' title="bbox 1107 1878 1781 1920; baseline 0 -12"><span class='ocrx_word' id='word_1_371' title='bbox 1107 1879 1147 1908; x_wconf 87' lang='lat' dir='ltr'>lia</span> <span class='ocrx_word' id='word_1_372' title='bbox 1167 1879 1260 1908; x_wconf 79' lang='lat' dir='ltr'>docet</span> <span class='ocrx_word' id='word_1_373' title='bbox 1272 1879 1382 1908; x_wconf 79' lang='lat' dir='ltr'>Strabo</span> <span class='ocrx_word' id='word_1_374' title='bbox 1400 1880 1482 1908; x_wconf 83' lang='lat' dir='ltr'>XIV.</span> <span class='ocrx_word' id='word_1_375' title='bbox 1503 1888 1571 1917; x_wconf 78' lang='lat' dir='ltr'>pag.</span> <span class='ocrx_word' id='word_1_376' title='bbox 1585 1881 1645 1913; x_wconf 86' lang='lat'>664</span> <span class='ocrx_word' id='word_1_377' title='bbox 1659 1878 1692 1907; x_wconf 65' lang='grc' dir='ltr'>ὃς</span> <span class='ocrx_word' id='word_1_378' title='bbox 1708 1881 1781 1920; x_wconf 72' lang='grc' dir='ltr'>όρς.</span> 
     </span>
    </p>

    <p class='ocr_par' dir='ltr' id='par_1_19' title="bbox 1107 1917 1780 2116">
     <span class='ocr_line' id='line_1_63' title="bbox 1146 1917 1780 1954; baseline -0.003 -7"><span class='ocrx_word' id='word_1_379' title='bbox 1146 1923 1158 1940; x_wconf 84' lang='lat'>9</span> <span class='ocrx_word' id='word_1_380' title='bbox 1181 1919 1238 1947; x_wconf 58' lang='lat' dir='ltr'>CN.</span> <span class='ocrx_word' id='word_1_381' title='bbox 1261 1919 1396 1947; x_wconf 67' lang='lat' dir='ltr'>Pomm</span> <span class='ocrx_word' id='word_1_382' title='bbox 1418 1919 1430 1954; x_wconf 94' lang='lat'>]</span> <span class='ocrx_word' id='word_1_383' title='bbox 1454 1917 1516 1954; x_wconf 90' lang='lat' dir='ltr'>Qui</span> <span class='ocrx_word' id='word_1_384' title='bbox 1547 1927 1632 1947; x_wconf 85' lang='lat' dir='ltr'>oram</span> <span class='ocrx_word' id='word_1_385' title='bbox 1656 1917 1780 1946; x_wconf 83' lang='lat' dir='ltr'>manti—</span> 
     </span>
     <span class='ocr_line' id='line_1_64' title="bbox 1107 1955 1780 1995; baseline -0.003 -9"><span class='ocrx_word' id='word_1_386' title='bbox 1107 1966 1216 1986; x_wconf 88' lang='lat' dir='ltr'>mama</span> <span class='ocrx_word' id='word_1_387' title='bbox 1237 1956 1432 1995; x_wconf 74' lang='lat' dir='ltr'>praedonibus</span> <span class='ocrx_word' id='word_1_388' title='bbox 1446 1956 1592 1986; x_wconf 84' lang='lat' dir='ltr'>liberavit</span> <span class='ocrx_word' id='word_1_389' title='bbox 1604 1980 1613 1992; x_wconf 89' lang='lat'>‚</span> <span class='ocrx_word' id='word_1_390' title='bbox 1634 1956 1666 1986; x_wconf 88' lang='lat'>&amp;</span> <span class='ocrx_word' id='word_1_391' title='bbox 1679 1955 1780 1992; x_wconf 83' lang='lat' dir='ltr'>impe-</span> 
     </span>
     <span class='ocr_line' id='line_1_65' title="bbox 1107 1994 1778 2033; baseline 0 -9"><span class='ocrx_word' id='word_1_392' title='bbox 1107 1996 1186 2025; x_wconf 83' lang='lat' dir='ltr'>rium</span> <span class='ocrx_word' id='word_1_393' title='bbox 1210 1995 1297 2025; x_wconf 83' lang='lat' dir='ltr'>maris</span> <span class='ocrx_word' id='word_1_394' title='bbox 1317 1996 1434 2033; x_wconf 82' lang='lat' dir='ltr'>populo</span> <span class='ocrx_word' id='word_1_395' title='bbox 1451 1997 1595 2025; x_wconf 82' lang='lat' dir='ltr'>Romano</span> <span class='ocrx_word' id='word_1_396' title='bbox 1621 1994 1750 2024; x_wconf 85' lang='lat' dir='ltr'>restituit</span> <span class='ocrx_word' id='word_1_397' title='bbox 1767 2017 1778 2031; x_wconf 90' lang='lat'><em>‚</em></span> 
     </span>
     <span class='ocr_line' id='line_1_66' title="bbox 1109 2032 1778 2073; baseline -0.003 -9"><span class='ocrx_word' id='word_1_398' title='bbox 1109 2035 1185 2064; x_wconf 88' lang='lat' dir='ltr'>Plin.</span> <span class='ocrx_word' id='word_1_399' title='bbox 1199 2037 1253 2065; x_wconf 90' lang='lat' dir='ltr'>Vll</span> <span class='ocrx_word' id='word_1_400' title='bbox 1263 2058 1269 2069; x_wconf 91' lang='lat'><strong>‚</strong></span> <span class='ocrx_word' id='word_1_401' title='bbox 1286 2039 1334 2064; x_wconf 85' lang='lat'>26.</span> <span class='ocrx_word' id='word_1_402' title='bbox 1351 2035 1430 2065; x_wconf 81' lang='lat' dir='ltr'>Vide</span> <span class='ocrx_word' id='word_1_403' title='bbox 1442 2045 1568 2073; x_wconf 86' lang='lat' dir='ltr'>quoque</span> <span class='ocrx_word' id='word_1_404' title='bbox 1582 2032 1778 2064; x_wconf 84' lang='lat' dir='ltr'>Plutarchum</span> 
     </span>
     <span class='ocr_line' id='line_1_67' title="bbox 1108 2073 1736 2116; baseline -0.002 -13"><span class='ocrx_word' id='word_1_405' title='bbox 1108 2074 1140 2103; x_wconf 88' lang='lat' dir='ltr'>in</span> <span class='ocrx_word' id='word_1_406' title='bbox 1155 2073 1306 2112; x_wconf 81' lang='lat' dir='ltr'>Pompeio</span> <span class='ocrx_word' id='word_1_407' title='bbox 1319 2098 1328 2109; x_wconf 89' lang='lat'>,</span> <span class='ocrx_word' id='word_1_408' title='bbox 1349 2084 1416 2113; x_wconf 79' lang='lat' dir='ltr'>pag.</span> <span class='ocrx_word' id='word_1_409' title='bbox 1437 2078 1507 2110; x_wconf 82' lang='lat'>642.</span> <span class='ocrx_word' id='word_1_410' title='bbox 1730 2110 1736 2116; x_wconf 35' lang='grc' dir='ltr'>ι</span> 
     </span>
    </p>

    <p class='ocr_par' dir='ltr' id='par_1_20' title="bbox 1108 2111 1782 2307">
     <span class='ocr_line' id='line_1_68' title="bbox 1149 2111 1782 2148; baseline -0.005 -5"><span class='ocrx_word' id='word_1_411' title='bbox 1149 2119 1177 2134; x_wconf 87' lang='lat'>¹0</span> <span class='ocrx_word' id='word_1_412' title='bbox 1199 2115 1330 2143; x_wconf 71' lang='lat' dir='ltr'>chwM</span> <span class='ocrx_word' id='word_1_413' title='bbox 1353 2113 1529 2148; x_wconf 51' lang='lat' dir='ltr'>Quamnam]</span> <span class='ocrx_word' id='word_1_414' title='bbox 1546 2113 1581 2142; x_wconf 89' lang='lat' dir='ltr'>Id</span> <span class='ocrx_word' id='word_1_415' title='bbox 1594 2111 1686 2142; x_wconf 80' lang='lat' dir='ltr'>tradit</span> <span class='ocrx_word' id='word_1_416' title='bbox 1698 2111 1782 2147; x_wconf 57' lang='grc' dir='ltr'>ΒΝ),</span> 
     </span>
     <span class='ocr_line' id='line_1_69' title="bbox 1108 2150 1780 2191; baseline -0.003 -10"><span class='ocrx_word' id='word_1_417' title='bbox 1108 2153 1176 2182; x_wconf 86' lang='lat' dir='ltr'>LX.</span> <span class='ocrx_word' id='word_1_418' title='bbox 1193 2162 1259 2191; x_wconf 81' lang='lat' dir='ltr'>pag.</span> <span class='ocrx_word' id='word_1_419' title='bbox 1279 2155 1350 2189; x_wconf 85' lang='lat'><em>676-</em></span> <span class='ocrx_word' id='word_1_420' title='bbox 1372 2153 1467 2182; x_wconf 73' lang='lat' dir='ltr'>Forte</span> <span class='ocrx_word' id='word_1_421' title='bbox 1491 2152 1639 2181; x_wconf 87' lang='lat' dir='ltr'>Claudius</span> <span class='ocrx_word' id='word_1_422' title='bbox 1665 2150 1780 2189; x_wconf 83' lang='lat' dir='ltr'>gloria—</span> 
     </span>
     <span class='ocr_line' id='line_1_70' title="bbox 1108 2189 1781 2228; baseline -0.003 -8"><span class='ocrx_word' id='word_1_423' title='bbox 1108 2192 1196 2222; x_wconf 79' lang='lat' dir='ltr'>batur</span> <span class='ocrx_word' id='word_1_424' title='bbox 1213 2191 1242 2221; x_wconf 81' lang='lat' dir='ltr'>se</span> <span class='ocrx_word' id='word_1_425' title='bbox 1262 2190 1317 2220; x_wconf 82' lang='lat' dir='ltr'>hac</span> <span class='ocrx_word' id='word_1_426' title='bbox 1343 2191 1375 2220; x_wconf 89' lang='lat' dir='ltr'>in</span> <span class='ocrx_word' id='word_1_427' title='bbox 1394 2201 1424 2221; x_wconf 81' lang='lat' dir='ltr'>re</span> <span class='ocrx_word' id='word_1_428' title='bbox 1450 2190 1565 2220; x_wconf 84' lang='lat' dir='ltr'>imitari</span> <span class='ocrx_word' id='word_1_429' title='bbox 1584 2189 1749 2228; x_wconf 83' lang='lat' dir='ltr'>Augustum</span> <span class='ocrx_word' id='word_1_430' title='bbox 1769 2213 1781 2226; x_wconf 91' lang='lat'>,</span> 
     </span>
     <span class='ocr_line' id='line_1_71' title="bbox 1131 2228 1782 2267; baseline -0.006 -7"><span class='ocrx_word' id='word_1_431' title='bbox 1131 2230 1162 2259; x_wconf 87' lang='lat' dir='ltr'>ui</span> <span class='ocrx_word' id='word_1_432' title='bbox 1186 2230 1317 2260; x_wconf 83' lang='lat' dir='ltr'>traditur</span> <span class='ocrx_word' id='word_1_433' title='bbox 1342 2229 1366 2258; x_wconf 84' lang='lat' dir='ltr'>le</span> <span class='ocrx_word' id='word_1_434' title='bbox 1387 2239 1432 2257; x_wconf 77' lang='lat' dir='ltr'>ato</span> <span class='ocrx_word' id='word_1_435' title='bbox 1460 2229 1593 2267; x_wconf 54' lang='lat' dir='ltr'>consulari</span> <span class='ocrx_word' id='word_1_436' title='bbox 1608 2228 1782 2267; x_wconf 71' lang='lat' dir='ltr'>succeffbrem</span> 
     </span>
     <span class='ocr_line' id='line_1_72' title="bbox 1127 2267 1779 2307; baseline 0 -10"><span class='ocrx_word' id='word_1_437' title='bbox 1127 2268 1202 2307; x_wconf 55' lang='lat' dir='ltr'>edisse</span> <span class='ocrx_word' id='word_1_438' title='bbox 1213 2291 1221 2299; x_wconf 86' lang='lat'>,</span> <span class='ocrx_word' id='word_1_439' title='bbox 1241 2277 1270 2296; x_wconf 81' lang='lat' dir='ltr'>ur</span> <span class='ocrx_word' id='word_1_440' title='bbox 1286 2267 1347 2296; x_wconf 79' lang='lat' dir='ltr'>rudi</span> <span class='ocrx_word' id='word_1_441' title='bbox 1404 2267 1507 2296; x_wconf 64' lang='lat' dir='ltr'>indoc&#39;ffo</span> <span class='ocrx_word' id='word_1_442' title='bbox 1519 2292 1526 2303; x_wconf 94' lang='lat'>‚</span> <span class='ocrx_word' id='word_1_443' title='bbox 1549 2268 1625 2305; x_wconf 78' lang='lat' dir='ltr'>cujus</span> <span class='ocrx_word' id='word_1_444' title='bbox 1639 2277 1720 2295; x_wconf 73' lang='lat' dir='ltr'>manu</span> <span class='ocrx_word' id='word_1_445' title='bbox 1734 2267 1779 2297; x_wconf 84' lang='lat' dir='ltr'>ixi</span> 
     </span>
    </p>
   </div>
   <div class='ocr_carea' id='block_1_10' title="bbox 1105 2306 1779 2345">
    <p class='ocr_par' dir='ltr' id='par_1_21' title="bbox 1105 2306 1779 2345">
     <span class='ocr_line' id='line_1_73' title="bbox 1105 2306 1779 2345; baseline 0.004 -11"><span class='ocrx_word' id='word_1_446' title='bbox 1105 2317 1153 2343; x_wconf 77' lang='lat' dir='ltr'>pro</span> <span class='ocrx_word' id='word_1_447' title='bbox 1173 2307 1226 2344; x_wconf 76' lang='lat' dir='ltr'>ipfi</span> <span class='ocrx_word' id='word_1_448' title='bbox 1241 2307 1372 2345; x_wconf 57' lang='lat' dir='ltr'>scriptum</span> <span class='ocrx_word' id='word_1_449' title='bbox 1393 2306 1627 2337; x_wconf 62' lang='lat' dir='ltr'>animadverterit.</span> <span class='ocrx_word' id='word_1_450' title='bbox 1648 2310 1779 2337; x_wconf 85' lang='lat' dir='ltr'>Sueton-</span> 
     </span>
    </p>
   </div>
   <div class='ocr_carea' id='block_1_11' title="bbox 1108 2346 1783 2448">
    <p class='ocr_par' dir='ltr' id='par_1_22' title="bbox 1108 2346 1783 2448">
     <span class='ocr_line' id='line_1_74' title="bbox 1108 2346 1460 2385; baseline -0.003 -9"><span class='ocrx_word' id='word_1_451' title='bbox 1108 2346 1142 2376; x_wconf 90' lang='lat' dir='ltr'>in</span> <span class='ocrx_word' id='word_1_452' title='bbox 1162 2348 1238 2385; x_wconf 84' lang='lat' dir='ltr'>Aug.</span> <span class='ocrx_word' id='word_1_453' title='bbox 1260 2347 1460 2377; x_wconf 88' lang='lat' dir='ltr'>LXXXVIII.</span> 
     </span>
     <span class='ocr_line' id='line_1_75' title="bbox 1691 2421 1783 2448; baseline -0.011 0"><span class='ocrx_word' id='word_1_454' title='bbox 1691 2421 1783 2448; x_wconf 62' lang='lat' dir='ltr'>eun]</span> 
     </span>
    </p>
   </div>
   <div class='ocr_carea' id='block_1_12' title="bbox 1809 772 1859 799">
    <p class='ocr_par' dir='ltr' id='par_1_23' title="bbox 1809 772 1859 799">
     <span class='ocr_line' id='line_1_76' title="bbox 1809 772 1859 799; baseline 0.04 -2"><span class='ocrx_word' id='word_1_455' title='bbox 1809 772 1859 799; x_wconf 86' lang='lat'>10</span> 
     </span>
    </p>
   </div>
   <div class='ocr_carea' id='block_1_13' title="bbox 1810 1085 1857 1124">
    <p class='ocr_par' dir='ltr' id='par_1_24' title="bbox 1810 1085 1857 1124">
     <span class='ocr_line' id='line_1_77' title="bbox 1810 1085 1857 1124; baseline 0 0"><span class='ocrx_word' id='word_1_456' title='bbox 1810 1085 1857 1124; x_wconf 90' lang='lat'>15</span> 
     </span>
    </p>
   </div>
  </div>
 </body>
</html>
