1952 2708
342 112 430 149 370
628 97 1441 141 SUPPLEMENTUM

208 192 458 231 ==:raque
486 183 496 199 ¹
525 175 643 230 hujus
675 178 959 234 superstitionis
997 181 1138 221 vetuit.
1181 181 1450 238 Triumphato
1475 181 1582 222 enim
1610 195 1732 223 terra-

209 232 312 256 A.U.C

228 287 301 317 795·

233 335 256 358 J.
267 335 295 358 C.

241 391 291 417 42,

315 248 427 280 'rum
453 239 550 280 orbe
574 270 588 291 ,
616 242 702 283 haec
724 241 963 284 nobilissima
987 245 1196 285 Romanos
1235 244 1421 286 manebat
1447 246 1613 286 viCtoria
1628 276 1640 296 ,
1686 257 1732 285 ut

341 303 584 357 religionum
603 306 775 346 monstra
790 304 983 347 tollerent
995 337 1008 358 ,
1026 307 1224 362 viclasque
1240 321 1379 363 gentes
1395 309 1543 349 rationi
1554 309 1700 351 servire
1716 337 1731 358 ,

341 382 388 407 ac
412 366 551 407 felices
579 369 716 408 vivere
736 383 944 423 cogerent.

404 429 611 472 XXVII.
644 432 863 472 INTERIM
890 434 1106 474 Suetonius
1133 432 1338 474 Paullinus
1367 437 1381 453 ²
1420 432 1576 474 bellicae
1603 432 1731 474 laudis

323 492 491 545 -famam
526 495 568 533 in
597 493 734 536 Africa
765 495 1056 552 auspicabatur.
1083 497 1291 537 AEdemon
1322 501 1332 524 ³
1367 497 1504 546 enim,
1533 495 1699 536 libertus
1718 526 1732 547 ,

346 570 454 596 arma
483 556 747 612 resumpserat
773 572 816 598 ut
845 557 1104 599 Ptolemaeum
1120 589 1133 611 ,
1168 574 1304 613 regem
1319 588 1332 609 ,
1363 574 1384 600 a
1410 559 1512 599 Caio
1540 558 1692 599 Caesare
1717 564 1735 588 4

343 619 654 675 interemptum,
680 620 954 662 ulcisceretur.
984 623 1050 662 Ne
1070 637 1139 678 per
1165 637 1295 663 moras
1325 622 1491 663 audacia
1518 622 1735 676 glisceret,

343 682 560 723 Suetonius
581 683 875 725 Mauretaniam
904 686 1072 740 propere
1097 686 1286 740 ingteffus
1315 686 1380 725 est.
1403 684 1592 735 Barbari,
1623 699 1735 725 exer-

344 744 489 786 citibus
512 747 707 787 Romanis
728 760 814 788 turn
839 748 1011 803 primum
1032 753 1044 779 5
1067 750 1109 788 in
1131 750 1298 803 regione
1319 746 1385 788 sua
1405 747 1646 789 bellantibus
1666 762 1735 789 ex-

342 809 497 857 territi,
526 809 721 863 refugere.
747 810 860 850 Dum
888 812 931 850 in
961 809 1123 852 latebris
1151 810 1457 867 premebantur,
1487 823 1654 852 ventum
1684 811 1735 852 ad

341 884 523 911 montem
548 871 784 923 Atlantem,
811 886 873 914 tot
897 873 1041 914 fabulis
1073 873 1322 915 celebratum
1350 873 1380 914 ⁶.

405 933 636 976 XXVIII.
670 937 964 977 SUETons
985 935 1200 991 Polybium
1222 943 1258 988 ⁷,
1284 939 1489 992 egregium
1514 935 1736 978 Annalium

343 997 598 1037 conditorem
615 1027 628 1048 ,
657 1000 725 1052 qui
752 1000 897 1040 Africae
922 999 1040 1040 litora
1068 1000 1372 1057 exploraverat,
1399 999 1631 1051 aemulatus,
1657 1014 1736 1041 ter-

342 1116 444 1147 tianus
472 1117 599 1147 humanis
625 1118 756 1149 caedibus.
788 1123 863 1158 Quae
889 1121 925 1151 fit
951 1121 1021 1152 satis

1060 1122 1142 1152 Mela
1154 1146 1163 1159 ‚
1186 1123 1228 1152 III
1242 1145 1250 1158 ‚
1275 1132 1321 1151 10.
1334 1122 1381 1152 De
1391 1121 1516 1152 Atlante
1530 1120 1650 1160 hacque
1662 1123 1735 1152 Sue-

341 1156 494 1187 monuiffe
507 1180 514 1192 ‚
534 1166 568 1187 ut
588 1158 697 1196 quanti
722 1158 759 1189 fit
781 1160 814 1189 in
834 1161 1020 1191 illustrandis

1060 1161 1144 1192 tonii
1171 1161 1374 1200 expeditione
1391 1184 1399 1198 ‚
1435 1170 1531 1199 pauca
1549 1184 1558 1198 ,
1581 1161 1633 1191 sed
1656 1161 1737 1191 leffiht

340 1204 483 1225 veterum
500 1196 694 1235 Scriptorum
716 1200 864 1237 operibus
894 1209 1021 1239 tempo-

340 1244 408 1264 rum
428 1235 507 1265 ratio
528 1236 735 1275 dignoscatur.

381 1279 389 1292 ¹
415 1275 636 1317 CETERAQus]
666 1278 748 1307 Inter
773 1277 836 1308 haec
862 1278 895 1308 in
910 1279 1022 1318 magna

341 1313 516 1343 Galliarum
529 1314 611 1344 fama
625 1323 689 1345 erat
708 1327 805 1346 ovum
823 1318 993 1356 anguinum
1011 1342 1019 1355 ,

341 1352 380 1388 dc
408 1363 476 1394 ‚quo
503 1356 574 1384 cum
600 1355 700 1384 multa
727 1357 1020 1394 commemorasset,

341 1391 429 1421 addit
448 1392 583 1429 Plinius,
605 1395 729 1430 XXIX,
758 1395 864 1432 3.seel:.
885 1407 930 1426 12.
955 1396 1022 1427 Vidi

340 1429 461 1468 equidem
473 1430 501 1460 id
519 1442 596 1460 ovum
608 1432 674 1461 mali
689 1433 833 1464 orbiculati
851 1435 949 1464 modici
963 1446 1023 1464 ma-

336 1469 486 1507 gnitudine
500 1493 509 1505 ,
531 1470 616 1510 cru-[lii
637 1472 840 1512 cartilaginis,
867 1474 939 1503 velut
957 1486 1022 1504 ace-

340 1508 444 1537 tabulis
470 1509 640 1539 brachiorum
662 1511 751 1551 polypi
769 1512 872 1542 crebris
887 1537 895 1550 ‚
917 1514 1021 1554 instgne

340 1546 474 1579 Druidis.
510 1549 556 1577 Ad
579 1549 708 1579 vinarias
735 1551 843 1587 litium,
873 1563 907 1581 ac
929 1564 1021 1593 regum

340 1585 455 1623 aditus,
477 1588 544 1617 mire
567 1588 696 1618 laudatur
711 1603 719 1617 :
742 1600 828 1620 tantae
858 1592 996 1622 vanizaris
1012 1617 1021 1630 ,

341 1635 371 1654 ut
396 1626 537 1655 habentem
558 1627 586 1657 id
603 1628 630 1656 in
649 1628 696 1658 lite
711 1629 739 1658 in
748 1629 816 1668 stau
836 1632 948 1669 equitem
964 1632 1023 1661 Ro-

340 1675 451 1694 manum
472 1676 485 1694 e
500 1666 665 1705 Voconriis,
682 1679 766 1699 nunc
792 1669 832 1698 les
854 1670 968 1709 dioceses
991 1671 1023 1700 de

341 1703 444 1741 Vaisbn
469 1704 499 1733 [⁵⁶
523 1705 554 1735 de
578 1706 659 1741 Die,
681 1718 697 1735 α
721 1707 782 1737 divo
807 1708 924 1739 Claudio
949 1711 1022 1740 inte-

339 1753 470 1780 remptum
486 1755 540 1773 non
553 1745 583 1774 ob
596 1745 777 1785 aliudsciam.

380 1788 393 1801 ²
420 1785 595 1815 Sur-Tomos
624 1787 797 1816 Parin-mus
821 1789 835 1825 ]
881 1789 1019 1820 Praetorii

341 1830 406 1852 erat
438 1823 558 1854 ordinis
579 1847 588 1859 ,
616 1825 689 1855 teste
711 1825 836 1863 Dione,
856 1828 924 1858 LX.
952 1839 1018 1868 pag.

341 1865 412 1898 670.
428 1863 475 1892 De
492 1863 549 1894 illo
570 1864 644 1902 saepe
665 1864 780 1895 di&um
795 1867 908 1897 Annal.
921 1870 993 1899 XIV
1009 1892 1018 1905 ‚

342 1910 382 1936 29
405 1901 439 1931 δί
467 1902 552 1941 seqq.
582 1904 616 1934 ὃς
639 1903 672 1933 in
693 1904 758 1934 vita
776 1906 929 1944 Agricolae
950 1931 960 1945 ,
981 1910 1017 1939 V.

383 1945 392 1965 3
416 1943 593 1979 AEDEMON]
619 1943 696 1972 Plin.
710 1946 756 1979 V,
776 1956 800 1975 1.

381 1982 395 2001 4
417 1981 443 2009 A
463 1981 546 2010 Caro
572 1983 730 2017 CAESARE]
752 1985 793 2014 Ut
819 1982 955 2015 diximus
985 1985 1017 2016 in

341 2018 565 2056 Supplex-nemo
584 2022 697 2052 Annal.
712 2024 804 2059 VIII,
822 2033 870 2060 34.

383 2062 392 2083 5
419 2058 495 2087 Tou
516 2070 645 2089 Firmum
669 2065 679 2095 ]
715 2061 840 2091 Romana
858 2072 935 2090 arma
954 2063 1017 2099 pri—

340 2096 411 2123 msam
429 2119 436 2131 ,
469 2097 584 2127 Claudio
608 2099 739 2137 Principe
759 2125 769 2138 ,
796 2102 824 2130 in
838 2100 1017 2132 Mauritania'

340 2133 484 2164 bellavere.
504 2137 581 2167 Plin.
597 2140 624 2168 V
638 2162 647 2175 ,
671 2151 694 2168 1.

380 2174 402 2218 ⁶.
415 2174 549 2205 Fanum
572 2188 776 2210 cursurum
788 2181 801 2217 ]
813 2180 923 2210 Praeter
935 2181 1017 2211 Her-

341 2212 404 2255 culi
425 2214 575 2258 &Perseo
589 2216 634 2245 ibi
650 2217 806 2254 laborata,
820 2219 909 2249 illurn
922 2220 1017 2250 etiam

342 2261 374 2280 in
386 2253 491 2282 nubila
503 2262 544 2284 ita
553 2257 685 2286 erectum
700 2258 867 2295 prodidere
876 2268 997 2289 veteres
1007 2283 1016 2295 ‚

1061 1201 1152 1240 digna
1165 1224 1174 1237 ‚
1196 1200 1311 1239 scripsit
1329 1200 1380 1230 cl.
1394 1199 1571 1235 d‘Anville,
1587 1199 1737 1229 Memoires

1060 1239 1092 1268 de
1115 1239 1288 1269 l'Acade‘mie
1317 1239 1420 1279 Royale
1451 1238 1499 1267 des
1523 1239 1703 1277 Inscriptions
1725 1262 1736 1276 ‚

1059 1280 1154 1310 Tom.
1171 1281 1284 1310 XXVI.
1305 1289 1371 1318 pag.
1386 1279 1473 1309 80&
1485 1278 1547 1318 seq.
1569 1279 1638 1309 Hoc
1651 1278 1738 1309 enim

1059 1319 1145 1348 bello
1162 1319 1244 1349 ultra
1257 1319 1415 1349 Atlantem
1428 1326 1613 1356 perventum
1627 1318 1668 1348 ad
1682 1328 1737 1348 ur-

1059 1358 1112 1388 bes
1130 1358 1242 1388 Alelen
1258 1358 1291 1388 &
1314 1357 1469 1388 Cillabam
1481 1380 1490 1392 ‚
1507 1368 1591 1388 nunc
1611 1357 1689 1386 Helel
1702 1358 1738 1388 ὃς

1061 1396 1247 1426 Cher-Selbin
1259 1396 1425 1427 arbitratur
1437 1407 1444 1426 ε
1459 1407 1533 1442 quas
1546 1405 1651 1427 tamen
1663 1396 1738 1426 inde

1060 1436 1273 1467 remotiffimas
1288 1436 1323 1465 in
1334 1435 1485 1466 Phazania
1498 1459 1506 1473 ‚
1526 1435 1622 1466 hodie
1637 1435 1739 1475 lepays

1059 1474 1091 1504 tie
1102 1475 1211 1515 Feqzan
1222 1498 1231 1511 ,
1248 1475 1340 1514 ponit
1353 1475 1468 1505 Plinius
1478 1498 1488 1511 ,
1512 1477 1549 1512 V,
1568 1485 1595 1513 5.

1100 1520 1112 1540 7
1135 1515 1334 1551 Petrinum]
1368 1514 1518 1553 Polybius
1549 1513 1738 1545 Cornelium

1060 1553 1241 1592 Scipionem
1252 1553 1434 1584 Africanum
1445 1552 1634 1584 inAfricanzi
1648 1563 1739 1591 expe-

1061 1593 1184 1624 ditione
1198 1593 1366 1623 comitatus
1377 1616 1387 1629 ,
1406 1594 1444 1623 ab
1457 1604 1495 1625 eo
1506 1593 1631 1632 accepta
1649 1593 1738 1623 classe

1060 1643 1144 1663 anno
1159 1632 1252 1663 Urbis
1266 1632 1402 1663 conditae
1418 1644 1543 1667 Dcv111,
1560 1641 1632 1662 ante
1642 1631 1738 1661 Chri-

1061 1672 1136 1701 stum
1157 1681 1229 1708 145,
1244 1680 1363 1710 partem
1386 1672 1472 1702 illam
1491 1671 1576 1702 orbis
1589 1671 1738 1701 scrutatus

1061 1711 1122 1749 est;
1144 1711 1293 1750 suumque
1314 1711 1376 1741 iter
1405 1710 1559 1749 descripsit
1575 1733 1584 1747 ,
1602 1710 1707 1740 Plinio
1726 1733 1737 1746 ‚

1059 1753 1086 1781 V
1098 1774 1107 1785 ,
1124 1761 1149 1779 1.
1170 1759 1398 1785 memoratum,
1422 1751 1474 1781 sed
1486 1748 1738 1788 compendiosius

1059 1800 1115 1828 pro
1137 1789 1223 1820 tanta
1244 1789 1289 1819 rei
1309 1790 1445 1820 utilitate
1465 1788 1665 1828 hominisque
1685 1789 1738 1818 di-

1058 1829 1187 1867 gnitate.
1207 1830 1308 1858 Immo
1335 1839 1472 1859 errorem
1488 1828 1624 1867 Polybio
1646 1828 1738 1858 affin-

1058 1868 1102 1906 git
1116 1892 1124 1903 ‚
1134 1876 1224 1899 tanto
1241 1868 1388 1905 scriptore
1402 1868 1570 1907 indignum
1583 1878 1590 1896 :
1608 1866 1737 1903 scilicet,

1058 1907 1078 1936 fi
1106 1907 1208 1937 Plinio
1235 1907 1389 1938 credimus
1413 1931 1421 1943 ‚
1449 1917 1467 1937 a
1491 1915 1622 1943 monte,
1641 1916 1737 1946 quem

1058 1946 1171 1977 Theon
1194 1947 1334 1977 Ochema
1358 1946 1464 1977 dixere
1485 1954 1607 1976 veteres
1622 1969 1631 1982 ‚
1651 1955 1737 1976 nune

1057 1985 1222 2015 femi-dmin}
1252 1985 1429 2015 meridionale
1462 1985 1494 2015 de
1526 1985 1555 2014 la
1589 1985 1686 2014 chaine
1703 1983 1737 2013 de

1056 2035 1220 2065 montagner
1246 2025 1278 2054 de
1300 2024 1529 2054 Sierra-Liona
1546 2049 1556 2062 ‚
1588 2024 1628 2054 ad
1658 2034 1737 2062 pro-

1056 2064 1255 2096 montorium
1266 2064 1464 2104 Hesperium,
1475 2075 1558 2094 nunc
1573 2062 1597 2092 le
1609 2062 1668 2100 Cap
1688 2062 1737 2092 des

1056 2103 1163 2133 Palmes
1182 2129 1192 2142 ‚
1220 2104 1287 2133 navi
1309 2105 1401 2133 atione
1426 2103 1529 2133 dierum
1554 2113 1588 2131 ac
1619 2102 1736 2131 nostium

1057 2142 1146 2172 decem
1161 2168 1170 2179 ‚
1195 2144 1225 2172 in
1240 2115 1325 2172 meiii'o
1348 2154 1377 2172 eo
1387 2143 1480 2181 spatio
1493 2141 1636 2171 Atlantem
1658 2141 1735 2170 loca-

1055 2183 1096 2212 vit
1111 2182 1242 2221 Polybius
1256 2207 1265 2219 ‚
1288 2193 1305 2211 a
1325 2183 1423 2212 ceteris
1446 2181 1569 2211 omnibus
1589 2181 1617 2209 in
1643 2189 1735 2209 extre-

1055 2222 1107 2251 mis
1124 2221 1311 2250 Mauritaniae
1333 2220 1480 2258 proditum.
1505 2221 1541 2250 Id
1563 2222 1645 2250 certe
1665 2230 1733 2250 non

1056 2261 1197 2300 peccavit
1211 2261 1361 2299 Polybius
1375 2271 1382 2288 ε
1396 2260 1448 2290 sed
1466 2260 1499 2289 in
1511 2259 1616 2290 medio
1632 2259 1733 2296 spatio

340 2299 374 2319 ut
395 2291 501 2322 caelum
519 2293 552 2323 ὃ(
578 2293 674 2324 fidera
700 2296 766 2327 non
798 2307 913 2340 tangere
941 2298 1017 2328 modd
1055 2311 1072 2330 a
1094 2308 1186 2338 portu
1215 2299 1436 2344 Carthaginis,
1464 2299 1547 2329 unde
1578 2298 1734 2335 profectus

338 2330 438 2360 ‚vertice
459 2353 470 2368 ,
498 2331 550 2371 sed
564 2332 698 2372 sustinere
728 2346 827 2374 quoque
849 2337 1015 2368 diceretur.
1056 2339 1116 2377 est,
1139 2340 1177 2369 ad
1188 2339 1370 2378 Hesperium
1385 2338 1743 2377 promontorium,quo.

1763 763 1814 791 10
