1952 2708
86 517 110 558 5

62 835 111 862 10

61 1149 107 1188 ¹5

353 180 543 222 LIBRI
588 180 880 223 SEPTIMI
918 179 1302 225 ANNALIUM.
1428 188 1514 230 '273

140 261 300 318 egregia
327 275 410 302 vox
441 260 591 302 excidit
617 278 625 300 ε
652 260 832 302 oblatum
866 262 972 301 enim
1006 262 1055 301 de
1085 261 1209 302 salute
1236 260 1303 302 sua
1336 258 1517 302 libellum

142 341 224 366 non
257 325 410 380 recepit
447 325 668 379 Princeps,
711 341 733 362 (ε
777 322 879 365 nihil
911 323 979 363 fibi
1007 323 1211 364 admissum
1243 341 1265 360 »
1301 325 1481 365 diffitans
1505 353 1519 374 ,

137 400 171 424 ·«
197 402 267 428 cur
292 388 477 440 cuiquam
505 387 653 429 invisus
682 387 776 428 esset
800 405 808 428 ;
835 401 964 441 neque
988 386 1027 427 se
1053 385 1296 426 delatoribus
1319 401 1429 427 aures
1454 388 1519 428 ha-

139 448 264 490 »bere
295 455 305 471 ¹
333 467 375 490 ».

202 513 303 553 XV.
338 514 577 567 QUAESITA
603 528 762 567 quoque
785 527 835 554 ex
861 511 1057 567 religione
1084 511 1396 553 commendatio.
1421 512 1522 552 Ter-

138 576 199 616 tio
229 574 427 616 Calendas
451 576 702 632 Septembres
720 580 734 597 ²
759 606 772 626 ‚
800 575 995 631 templum
1013 604 1025 625 ,
1056 575 1163 628 quod
1192 575 1371 628 Augusto
1397 573 1520 614 Tibe-

138 639 218 678 rius
245 640 432 678 struxerat
458 644 468 667 ³
488 669 500 688 ,
523 654 544 678 a
570 639 695 688 Caio,
724 637 955 694 triumphali
975 639 1080 678 veste
1100 637 1267 686 induto,
1290 636 1519 676 dedicatum

140 702 194 742 est
211 705 250 751 4,
268 700 489 756 virginibus
510 702 717 757 puerisque
740 701 984 742 nobiliffimis
1004 702 1197 754 hymnum
1219 698 1469 740 cantantibus
1488 703 1519 739 5.

139 764 274 818 Atque
300 777 344 803 ut
372 763 629 804 sollemnibus
662 765 778 805 sacris
819 763 1092 805 celebritatem
1119 762 1305 812 adderet,
1336 762 1521 810 senatui,

140 828 383 881 equestrique
408 827 562 877 ordini,
591 825 830 881 conjugibus
855 828 973 867 etiam
1011 842 1057 867 ac
1083 825 1215 866 liberis
1241 824 1258 846 ⁶
1287 823 1522 880 splendidis-

140 890 279 929 simum
319 888 480 944 epulum
502 920 514 939 ‚
552 891 803 944 congiarium
835 888 989 945 populo
1026 903 1210 929 trecenos
1245 887 1438 928 sestertios
1460 891 1474 913 ⁷
1504 896 1520 936 3

139 952 262 993 dedit.
287 951 492 993 Hilaritati
518 967 676 1006 quoque
705 951 873 1008 publicae
901 952 1128 1007 omnigenis
1159 951 1312 991 musicae
1341 964 1522 995 concenffi

138 1015 270 1064 tibus,
300 1016 533 1068 novatisque
562 1015 664 1056 ludis
693 1014 933 1055 consultum.

201 1078 329 1119 XVI.
363 1079 637 1118 PosTRIDm
669 1077 816 1118 laetiora
849 1078 981 1118 adhuc
1019 1077 1170 1118 rediere
1206 1074 1426 1132 spe&acula
1467 1074 1520 1116 ob

139 1141 332 1198 Principis
353 1141 524 1182 natalem
550 1139 579 1179 ⁸.
599 1139 810 1194 Sejugibus
836 1146 878 1190 9,
902 1139 1009 1194 quod
1032 1140 1183 1180 nemini
1207 1141 1393 1179 haStenus
1416 1138 1521 1177 usur-

107 1204 114 1211 ’
139 1218 303 1260 patum,
341 1206 473 1244 vectus
508 1204 672 1260 prodiit.
700 1203 889 1243 Ceterum
917 1201 1019 1243 nihil
1046 1201 1193 1242 oblitus
1210 1232 1222 1251 ‚
1254 1217 1333 1256 quo
1363 1199 1522 1241 modes-

139 1268 234 1308 tiam
249 1266 635 1324 popularitatemque
651 1267 869 1316 testaretur,
882 1281 930 1306 ne
947 1266 1099 1319 signum
1116 1265 1277 1318 quidem
1290 1262 1519 1304 ¹0ludorum

850 1399 917 1420 cem
937 1387 1016 1418 hanc
1036 1384 1365 1429 religionemegtegie
1395 1383 1521 1415 illustrat

182 1395 191 1409 ¹
215 1390 434 1420 DELATORIBUS
454 1399 554 1420 Aunes
580 1391 724 1428 HABERE]
741 1391 812 1420 Sue·
1502 1424 1507 1428 ,

849 1434 1089 1458 monumentum
1104 1425 1330 1456 Stratonicense
1341 1447 1349 1459 ‚
1363 1424 1448 1463 quod
1459 1424 1523 1453 edi—

140 1436 209 1460 ton.
222 1429 255 1458 in
269 1428 347 1459 Caio
361 1450 370 1463 ‚
384 1431 451 1460 XV.

181 1473 193 1487 ²
215 1469 348 1498 TER-rio
382 1469 553 1498 CALENDAS
578 1470 774 1498 SEPTEMBRES
797 1468 810 1504 ]

141 1506 202 1538 Die
221 1518 257 1544 30
270 1507 402 1546 Augusti.
419 1508 480 1537 Dio
492 1531 500 1544 ,
518 1509 600 1537 LIX.
621 1517 687 1546 pag.
702 1510 772 1544 644.

182 1552 191 1572 3
215 1548 365 1577 Tlssmuus
384 1551 590 1580 srizuxfmr]
621 1546 721 1575 Tacit.
744 1549 810 1575 An-

88 1578 100 1581 ”
140 1585 203 1616 nal.
215 1587 272 1621 vi,
290 1596 339 1624 45.
352 1588 480 1616 Sueton.
493 1585 524 1615 in
536 1585 642 1616 Tum.
655 1587 780 1614 XLVII.

178 1629 194 1648 4
215 1625 411 1655 Drmcucm
439 1626 520 1661 ΕΒΓ]
545 1627 647 1662 Quam
667 1624 810 1654 caetimo-

141 1663 225 1693 niam
259 1663 385 1693 exhibet
418 1673 560 1693 nummus
589 1674 646 1694 aere
671 1663 809 1693 maximo

141 1704 222 1741 apud
239 1703 420 1732 Morellium
434 1724 443 1737 ‚
460 1702 588 1740 Tkefimr.
605 1704 698 1733 Tom.
710 1704 810 1740 [με.

141 1745 213 1779 650.
243 1743 278 1771 C.
305 1742 458 1771 CAESAR
486 1743 579 1771 AVG.
601 1742 810 1772 GERMANI-

145 1781 220 1810 CVS
253 1782 377 1810 PONT.
398 1781 498 1810 MAX.
527 1781 592 1810 TR.
618 1781 710 1810 POT.
747 1783 810 1810 Ca-

144 1827 200 1856 put
227 1819 295 1849 Caii
318 1820 498 1850 laureatum,
518 1821 562 1849 Ex
581 1819 708 1849 adversa
726 1828 811 1858 parte

144 1858 257 1888 DIVO.
288 1860 382 1889 AVG.
417 1858 510 1888 Caius
538 1859 613 1888 stans
630 1859 749 1889 velatus
777 1860 811 1889 ὅ(

144 1905 267 1935 togatus
301 1897 403 1935 paterii
435 1898 521 1935 super
542 1907 624 1928 aram
653 1897 810 1928 sacrificat.

142 1937 229 1966 Pone
253 1944 387 1974 pateram
407 1944 493 1967 tenet
507 1947 588 1975 popa
606 1947 613 1965 ε
631 1937 708 1966 alter
731 1947 811 1975 popa

142 1984 264 2004 taurum
280 1975 364 2005 ducit
386 1998 394 2011 ,
422 1983 492 2005 ante
513 1975 663 2013 templum
683 1976 733 2006 sex
754 1986 811 2005 co-

142 2014 315 2044 lumnatum
331 2037 339 2048 ‚
364 2013 462 2043 statuis
487 2014 520 2043 &
541 2014 694 2044 lemniscis
719 2024 812 2044 orna-

142 2061 218 2083 tum.
229 2056 245 2082 S
257 2054 291 2082 C.
302 2052 331 2081 id
341 2053 379 2082 est
391 2052 640 2090 ‚jenatusconficltm
652 2054 812 2083 Habentur

141 2102 271 2161 {liffisssse
288 2091 372 2169 335¹·
396 2091 518 2167 ¹331}ssss
542 2101 813 2160 aesiessmfflffifissffi

164 2144 167 2147 ⁴
204 2141 219 2160 e
300 2151 303 2155 J
357 2141 372 2160 e
541 2141 548 2159 ε
799 2143 801 2146 ·

141 2170 227 2200 sedet
241 2169 339 2199 Pietas
352 2193 360 2204 ‚
375 2178 511 2206 pateram
528 2177 646 2198 tenens.
667 2170 703 2198 C.
716 2170 814 2198 CAE-

143 2210 217 2238 SAR
240 2210 334 2239 AVG.
353 2208 621 2238 GERMANICVS
645 2208 674 2236 P.
688 2208 730 2237 Μ.
748 2208 813 2236 TR.

144 2248 236 2277 POT.
259 2246 339 2276 infra
373 2247 520 2276 PIETAS.
544 2246 576 2276 in
597 2246 663 2276 aliis
689 2247 756 2276 TR.
784 2247 814 2276 P.

144 2287 184 2315 ΙΙ.
205 2287 236 2316 Ρ.
265 2288 295 2315 P.
317 2286 367 2315 vel
390 2286 456 2315 TR.
477 2288 507 2315 P.
526 2287 580 2315 ΙΙΙ.
600 2286 630 2314 Ρ.
651 2286 680 2315 Ρ.
707 2285 739 2314 id
755 2285 814 2321 est,

144 2323 297 2368 tribunicioe
310 2324 447 2363 potestatis
461 2334 545 2355 anno
564 2326 593 2352 Π
603 2347 612 2361 ‚
626 2324 678 2354 vel
691 2328 745 2354 11—1.
761 2334 812 2361 pa-

143 2372 185 2393 ter
197 2372 305 2399 pzztrzoe.

188 2407 198 2429 5
222 2402 366 2432 Hmuum
387 2404 627 2440 mussitamus]
659 2401 815 2433 Cantatri-

245 2452 367 2502 Tom.
394 2454 487 2505 IV.

850 1467 949 1497 dimus
973 1467 1005 1496 in
1022 1465 1116 1496 Notis
1134 1467 1168 1497 ὃ(
1181 1462 1460 1494 Emendationibus
1483 1463 1522 1492 ad

849 1506 962 1536 Annal.
977 1507 1018 1535 111
1036 1529 1045 1541 ,
1074 1509 1126 1535 62.

888 1548 901 1565 ⁶
933 1546 1129 1577 Comminus
1159 1554 1258 1574 ΕῊΑΜ
1292 1553 1329 1572 Ac
1360 1551 1476 1571 nntius
1505 1542 1521 1579 ]

849 1585 911 1616 Dio
925 1608 933 1621 ‚
955 1583 1077 1614 loc.cit.
1094 1585 1221 1614 Sueton.
1247 1581 1279 1611 in
1293 1580 1389 1617 Caio,
1408 1582 1506 1610 XVII.

888 1630 900 1649 7
932 1624 1100 1653 Taras-os
1133 1631 1318 1652 SESTERTIOS
1340 1620 1354 1656 ]
1391 1619 1522 1649 Gallicae

849 1671 983 1693 monetae
1000 1662 1092 1692 libras
1107 1663 1158 1700 58.
1184 1661 1214 1690 Si
1232 1658 1426 1697 congiarium
1443 1658 1523 1688 illud

851 1701 989 1732 ducentis
1017 1699 1242 1739 quinquaginta
1262 1699 1398 1728 millibus
1418 1697 1523 1727 homi-

850 1751 924 1771 num
951 1741 1055 1770 datum
1077 1739 1190 1775 fuerit,
1220 1746 1253 1768 ut
1274 1737 1371 1776 potest
1389 1736 1523 1780 supponi

851 1792 887 1810 ex
910 1788 1117 1809 monumento
1138 1780 1303 1816 Ancyrano
1320 1799 1328 1811 ‚
1346 1786 1430 1812 cujus
1452 1786 1522 1813 par-

850 1827 913 1849 tem
931 1819 1082 1848 edidimus
1099 1818 1131 1847 in
1158 1816 1250 1847 Notis
1270 1816 1303 1846 ὅ(
1319 1814 1525 1844 Emendatio-

851 1858 942 1888 nibus
956 1858 994 1887 ad
1008 1857 1163 1891 Annal.1‚
1181 1866 1224 1884 11.
1239 1854 1363 1893 largitus
1377 1853 1416 1882 est
1429 1853 1522 1883 Caius

849 1897 977 1928 Gallicae
990 1905 1124 1926 monetae
1144 1895 1235 1924 libras
1252 1895 1447 1932 14‚591‚363.
1473 1893 1522 1922 De

850 1936 918 1967 Caii
936 1934 1102 1973 congiariis
1122 1934 1236 1964 dictum
1250 1932 1335 1971 supra
1349 1941 1416 1975 pag.
1432 1940 1504 1968 235.

890 1975 901 1994 ‘⁵
925 1977 972 2005 ΟΒ
990 1976 1144 2004 Pmucms
1168 1971 1338 2006 ΝΑτΑιΕΜ]
1358 1971 1420 2000 Dio
1434 1994 1441 2005 ,
1459 1971 1522 2000 loc.

850 2014 902 2044 cit.
920 2016 1048 2043 Sueton.
1062 2012 1093 2042 in
1104 2012 1183 2042 Caio
1196 2035 1205 2047 ,
1223 2011 1304 2041 VIII.
1323 2009 1410 2038 Caius
1427 2009 1523 2047 Caesar

851 2062 934 2081 natus
946 2052 979 2090 est
989 2051 1077 2087 pridie
1096 2050 1160 2080 Kal.
1172 2049 1336 2086 Septembres
1349 2072 1357 2083 ‚
1379 2057 1457 2084 patre
1470 2049 1523 2086 fiio

853 2091 882 2120 Er·
897 2091 932 2120 C.
953 2090 1063 2119 Fonteio
1088 2090 1218 2126 Capitone
1243 2087 1392 2127 confizlibus
1409 2111 1418 2124 ,
1437 2097 1522 2118 anno

852 2130 940 2161 Urbis
962 2129 1096 2159 conditae
1117 2139 1256 2159 ucetxv.

891 2175 903 2192 9
925 2170 1089 2201 Smucmus
1111 2169 1123 2205 ]
1154 2169 1212 2197 Sex
1233 2165 1321 2204 equis
1350 2165 1388 2194 ad
1401 2175 1523 2195 curtum

852 2207 971 2245 junffls.
986 2208 1137 2237 Hactenus
1150 2206 1271 2243 bijuges
1289 2204 1523 2244 quadrijugesve

852 2247 974 2276 fuerant
986 2256 1098 2276 currus.
1126 2245 1188 2275 Dio
1199 2268 1207 2279 ‚
1223 2245 1284 2274 loc.
1301 2243 1352 2273 cit.
1367 2245 1401 2271 Tb
1414 2243 1483 2281 ἅρμκ
1496 2244 1524 2272 τὸ

853 2286 979 2333 ποίιιπικέν
998 2285 1062 2335 ἒφἸΞ
1075 2284 1137 2321 ἔχθη
1148 2306 1157 2320 ,
1179 2284 1205 2317 ’ἒξ
1224 2284 1298 2312 ἵπποι
1313 2284 1428 2312 εἵλκυσαν
1443 2292 1449 2297 ·
1463 2283 1474 2311 ’ὲ
1486 2282 1523 2320 μὴ

853 2339 955 2354 πωπόἷί
977 2338 1090 2359 ΕΎΞΎΟΥΗ.

895 2367 924 2382 ¹⁰
947 2365 996 2393 ΝΕ
1021 2373 1137 2392 smuum
1159 2361 1307 2396 omnem]
1331 2360 1413 2396 Dio,
1439 2361 1524 2389 LIX.

855 2413 921 2442 pag.
941 2406 1011 2441 645.
1038 2400 1146 2441 Mappa
1178 2401 1268 2430 ludos
1293 2399 1465 2438 incipiendi
1487 2398 1526 2428 fi-

1200 2456 1248 2496 Μ
1270 2469 1308 2493 m

1538 269 1654 286 a

1540 310 1653 337 A.U.C.

1561 366 1633 396 790.

1566 418 1589 442 J.
1598 417 1627 440 C.

1573 474 1623 502 37·
