1952 2708
108 843 157 871 10

101 1156 148 1195 ¹5

91 1475 147 1502 20

91 1787 143 1825 25

355 154 357 157 ’
407 180 747 224 DrALoGus
788 181 870 222 DE
913 183 1348 228 ORATORIBUS.
1496 199 1574 236 ης

193 262 271 303 five
294 261 335 301 in
361 260 522 311 senatu,
549 261 627 300 slve
651 261 755 317 apud
779 262 1006 316 Principem
1032 263 1159 317 poffis.
1190 265 1302 317 Quid
1324 264 1432 305 aliud
1459 265 1580 305 infes-

191 326 241 365 tis
272 323 445 379 patribus
480 338 606 379 nuper
627 323 771 380 Eprius
803 322 1026 364 Marcellus
1055 329 1063 346 ¹
1100 354 1113 374 ,
1155 324 1271 378 quam
1305 327 1577 380 eloquentiam

188 387 300 427 suam
325 387 538 443 opposuit?
566 388 633 440 qui
657 388 857 428 accinfiius
884 391 897 407 ²
925 391 963 426 ὃ(
990 388 1150 437 minax,
1179 387 1363 428 disertam
1387 391 1576 441 quidem,

188 449 256 490 sed
282 452 610 501 inexercitatam,
638 455 676 491 ὃ(
704 449 898 502 ejusmodi
931 451 1195 490 certaminum
1224 451 1363 491 rudem
1388 451 1573 492 Helvidii

188 513 422 568 sapientiam
450 514 575 556 elufit.
602 513 718 554 Plura
743 514 792 554 de
819 512 994 554 utilitate
1020 528 1102 554 non
1130 513 1249 563 dico,
1279 516 1343 554 cui
1371 515 1472 569 parti
1497 516 1574 554 mi-

186 578 294 617 nime
322 578 658 618 contradi&urum
684 578 916 617 Maternum
939 591 1072 617 meum
1098 575 1274 616 arbitrer.

248 640 327 681 VI.
361 642 435 681 AD
462 640 710 696 voluptatem
740 634 925 680 oratoriae¹
955 639 1192 694 eloquentia:
1218 638 1376 679 transeo
1407 667 1419 686 ,
1459 637 1572 690 cujus

182 703 432 758 jucunditas,
447 720 529 745 non
548 719 631 744 uno
651 702 786 758 aliquo
805 717 1013 744 momento
1028 734 1040 753 ,
1057 703 1123 744 sed
1145 701 1328 744 omnibus
1344 701 1470 757 prope
1487 701 1570 741 die-

180 767 279 818 bus,
307 772 347 809 δε
374 769 498 824 prope
525 766 709 808 omnibus
732 769 838 808 horis
875 768 1090 822 contingit.
1129 765 1242 820 Quid
1267 766 1374 806 enim
1412 762 1571 804 dulcius

182 831 309 872 libero
347 836 387 872 ὃς
426 834 603 886 ingenuo
630 832 763 872 animo
782 861 792 881 ‚
825 835 865 871 &c
893 831 940 871 ad
970 830 1198 886 voluptates
1237 829 1418 868 honestas
1444 840 1570 877 nato,

181 894 298 949 quam
323 896 458 935 videre
479 894 637 950 plenam
660 895 814 950 semper
836 898 874 934 &
893 894 1142 947 frequentem
1163 893 1327 933 domum
1349 891 1456 931 suam
1475 905 1570 930 con-

182 957 299 998 cursu
328 958 727 1014 splendidiffimorum
762 959 1002 997 hominum?
1040 957 1158 1010 idque
1184 955 1309 1005 scire,
1339 969 1421 995 non
1446 968 1569 1009 pecu-

180 1022 281 1071 niae,
313 1036 394 1061 non
431 1021 591 1062 orbitati
617 1026 657 1071 ³,
694 1035 822 1075 neque
859 1020 985 1061 officii
1014 1018 1183 1071 alicujus
1209 1017 1569 1066 administrationi,

180 1083 248 1124 sed
270 1084 337 1125 fibi
354 1085 422 1140 ipsi
435 1085 540 1125 dari?
564 1083 655 1124 illos
679 1085 902 1138 quinimmo
924 1082 1064 1134 orbos,
1088 1087 1128 1124 δε
1150 1081 1376 1137 locupletes
1391 1111 1403 1131 ‚
1432 1084 1472 1120 ὃς
1498 1095 1568 1135 po-

179 1160 308 1188 tentes
334 1150 470 1188 venire
500 1148 734 1204 plerumque
763 1147 810 1187 ad
834 1145 1021 1198 juvenem
1038 1176 1051 1196 ,
1080 1150 1119 1186 ὃς
1147 1159 1361 1201 pauperem
1379 1173 1391 1194 ,
1430 1156 1473 1182 ut
1499 1155 1568 1182 aut

178 1210 272 1260 sua,
302 1225 368 1252 aut
394 1213 614 1252 amicorum
639 1210 867 1251 discrimina
892 1209 1191 1250 commendent,
1214 1206 1359 1247 Ullane
1380 1219 1490 1246 tanta
1511 1206 1567 1244 in-

178 1275 361 1327 gentium
386 1290 507 1329 opum
534 1290 580 1314 ac
606 1288 756 1327 magnae
781 1273 968 1328 potentiae
1002 1271 1214 1327 voluptas,
1243 1269 1360 1324 quam
1395 1270 1567 1324 spectare

177 1337 360 1377 homines
386 1351 538 1377 veteres
556 1367 567 1387 ,
598 1341 637 1377 ὃς
665 1336 800 1386 senes,
831 1340 870 1376 ὃ(
894 1336 1017 1375 totius
1053 1334 1169 1374 Urbis
1197 1331 1322 1387 gratia
1348 1331 1536 1371 subnixos
1554 1360 1567 1380 ‚

175 1399 217 1438 in
243 1398 393 1440 summa
432 1402 612 1441 omnium
648 1414 779 1440 rerum
816 1396 1056 1439 abundantia
1092 1397 1360 1446 confitentes,
1392 1395 1430 1434 id
1459 1393 1567 1447 quod

177 1464 375 1517 optimum
398 1463 467 1514 sit,
493 1464 531 1504 se
556 1479 637 1504 non
662 1462 837 1503 habere?
868 1462 956 1504 Jam
986 1464 1080 1502 vero
1098 1490 1109 1511 ,
1140 1461 1207 1514 qui
1234 1472 1464 1514 togatorum
1493 1472 1567 1497 co-

176 1527 337 1566 mitatus
355 1557 367 1577 ,
397 1531 436 1567 &
464 1527 655 1582 egreffus!
684 1541 766 1580 qua:
792 1526 832 1564 in
857 1523 1021 1581 publico
1042 1524 1215 1580 species!
1239 1538 1321 1576 qua:
1344 1523 1382 1561 in
1403 1519 1564 1572 judiciis

173 1591 402 1630 veneratio!
429 1590 536 1645 quod
557 1589 747 1644 gaudium
775 1587 1043 1642 consurgendi
1068 1586 1351 1639 adsistendique
1377 1586 1479 1624 inter
1505 1596 1566 1622 ta-

173 1666 339 1702 centes,
366 1654 407 1693 in
430 1668 553 1694 unum
575 1652 813 1693 conversos:
838 1651 946 1692 eolre
975 1649 1171 1706 populum
1187 1680 1200 1700 ,
1227 1653 1266 1689 ὅ(
1293 1645 1565 1689 circumfundi

175 1730 337 1765 coram,
375 1721 413 1757 ὃ(
453 1719 635 1773 accipere
664 1717 848 1756 affecium
874 1728 1167 1768 quemcumque
1202 1725 1335 1753 orator
1365 1710 1564 1750 induerit!

174 1777 350 1833 Vulgata
373 1780 595 1821 dicentium
616 1779 778 1833 gaudia,
805 1783 843 1819 ὃς
866 1778 1141 1833 imperitorum
1164 1790 1322 1830 quoque
1344 1772 1472 1814 oculis
1495 1785 1565 1811 ex-

174 1841 325 1897 posita,
354 1845 583 1900 percenseo.
620 1843 696 1884 llla
727 1842 940 1883 secretiora
966 1871 977 1891 ‚
1002 1845 1041 1881 ὅ(
1062 1842 1217 1880 tantum
1241 1839 1327 1894 ipsis
1360 1834 1567 1877 orantibus

174 1918 270 1944 nota
287 1935 299 1955 ,
327 1907 477 1960 majora
496 1908 597 1948 sunt.
623 1908 717 1947 Sive
742 1919 969 1947 accuratam
997 1904 1308 1956 meditatamque
1330 1900 1456 1941 adfert
1479 1912 1564 1938 ora-

173 1968 327 2008 tionem
349 1984 360 2016 ;
391 1972 443 2011 est
467 1971 668 2024 quoddam
702 1970 799 2010 ficut
833 1969 948 2024 ipsius
975 1968 1186 2016 dictionis,
1215 1967 1270 2005 ita
1295 1963 1429 2019 gaudii
1459 1975 1566 2017 pon-

175 2030 247 2072 dus
274 2035 314 2072 &
340 2035 581 2074 constantia:
608 2034 687 2075 five
708 2047 856 2073 novam
881 2036 922 2072 ὃς
943 2043 1150 2072 recentem
1173 2043 1310 2069 curam
1335 2033 1352 2055 4
1380 2040 1463 2066 non
1484 2024 1564 2064 fine

217 2153 225 2166 ¹
251 2148 363 2178 Num<
375 2149 486 2178 Epnms
503 2148 716 2183 Minatus]
737 2147 771 2176 Id
782 2157 849 2177 nar·
888 2145 967 2181 tior,
988 2145 1076 2176 tanto
1092 2143 1186 2183 magis
1203 2140 1339 2173 accrevit
1360 2136 1502 2182 orbitatis
1519 2136 1562 2167 fa-

173 2194 276 2217 ratum
293 2187 377 2227 supra
396 2187 469 2217 Hist.
492 2189 550 2223 lv,
573 2192 602 2217 6.
889 2195 956 2214 vor.
974 2185 1051 2214 Inde
1066 2183 1246 2213 Ammianus
1257 2179 1464 2212 Marcellmus,
1478 2178 1563 2212 XIV,

173 2239 175 2241 ·
216 2230 227 2243 ²
253 2229 315 2264 Qu1
340 2228 534 2263 Acclucrus]
558 2227 669 2257 Melius
687 2250 695 2262 ‚
720 2225 772 2260 (μιίῖ
796 2235 850 2253 ac·
890 2234 915 2257 5.
944 2223 1006 2253 Vile
1023 2223 1070 2263 effe
1081 2222 1206 2261 quidquid
1220 2230 1298 2250 extra
1312 2218 1395 2249 Urbis
1406 2216 1562 2260 pomaerium

176 2265 280 2294 einans
295 2277 302 2296 :
318 2275 350 2297 ut
363 2265 483 2297 Ursinus
496 2268 530 2297 &
543 2266 700 2297 Acidalius
714 2266 775 2302 jam
786 2275 847 2294 vo-
888 2263 1009 2300 nascitur
1019 2262 1153 2302 aestimanr
1163 2286 1172 2298 ‚
1185 2269 1286 2297 praerer
1299 2258 1375 2288 orbos
1388 2256 1417 2286 ἓν
1429 2255 1536 2285 caelzhes
1548 2264 1562 2288 ς

176 2304 270 2335 luere.
888 2312 937 2330 nec
954 2301 1027 2330 credi
1046 2301 1128 2341 potest
1149 2302 1200 2339 qud
1215 2299 1392 2337 obsequiorum
1406 2294 1562 2334 diver—'ficare

219 2349 228 2368 3
253 2346 409 2375 Onam-AT}
428 2349 439 2379 ]
468 2346 563 2383 Cujus
588 2355 698 2384 magna
717 2352 803 2374 erant
817 2343 847 2373 in
888 2341 1014 2370 coluntur
1025 2340 1207 2380 hominesfine
1220 2339 1313 2368 liberis
1322 2337 1425 2367 Romae.

175 2383 258 2412 Urbe
275 2385 380 2419 pretia.
398 2385 478 2416 Vide
494 2385 579 2423 supra
599 2385 784 2418 AnnaLUl,
799 2394 848 2422 25.
926 2386 941 2404 4
962 2382 1091 2413 Novam
1116 2391 1153 2410 ET
1173 2389 1335 2410 RECENTEM
1355 2371 1560 2410 cunmx]C11·¹

177 2420 312 2462 &XHL
332 2433 379 2463 52·
397 2426 523 2463 Quanto
532 2426 634 2457 Roma.
649 2423 709 2456 fuit
724 2433 851 2462 corrup-
887 2430 947 2451 ram
957 2421 1071 2452 eodem
1089 2419 1175 2452 sensu
1191 2417 1349 2456 usurpavit
1360 2414 1486 2446 Tacitus
1494 2413 1562 2440 An*-

1248 2475 1340 2532 Qij
