1952 2708
644 159 692 198 C.
759 155 1149 198 CORNELII
1199 155 1501 199 TACITI

372 240 717 289 committeretur,
746 253 881 280 coram
904 237 979 292 qua
1000 253 1127 293 neque
1148 238 1279 278 dicere
1299 239 1356 279 fas
1377 232 1481 287 erat,
1509 235 1618 291 quod
1638 248 1753 291 turpe

372 308 503 356 diclu,
534 317 662 357 neque
694 302 853 351 facere,
887 302 994 354 quod
1032 302 1284 341 inhonestum
1310 302 1414 342 fa'Etu
1438 301 1650 341 videretur.
1690 301 1755 339 Ac

374 385 457 410 non
490 367 613 407 studia
643 365 766 405 modo
798 364 1017 416 curasque,
1045 364 1112 403 sed
1141 363 1382 404 remissiones
1414 365 1533 404 etiam
1569 363 1754 415 lususque

372 444 617 488 puerorum,
645 427 847 468 sanffltate
872 425 1038 480 quadam
1065 441 1111 466 ac
1136 424 1376 466 verecundia
1403 425 1660 481 temperabat.
1686 426 1756 465 Sic

375 493 608 535 Corneliam
627 492 907 531 Gracchorum
929 494 937 510 ¹
950 518 963 539 ,
986 488 1038 528 sle
1054 487 1259 528 Aureliam
1276 488 1437 528 Caesaris
1460 493 1496 538 ²,
1518 488 1569 527 sic
1587 489 1722 527 Atiam
1740 491 1751 514 ³

374 558 542 612 Augusti
569 567 734 594 matrem
760 551 949 608 praefuisse
975 550 1279 592 educationibus
1295 581 1308 601 ,
1337 567 1383 592 ac
1409 550 1632 607 produxisse
1656 551 1758 606 prin-

377 622 487 676 cipes
514 617 660 658 liberos
686 616 937 670 accepimus:
965 629 1048 668 quae
1075 613 1285 669 disciplina
1313 629 1358 654 ac
1385 615 1569 654 severitas
1596 615 1645 653 eo
1668 627 1758 668 per-

377 682 531 724 tinebat
546 711 558 731 ,
573 694 617 721 ut
630 680 777 720 sincera
790 707 803 727 ,
832 681 873 718 ὃς
888 679 1043 732 integra
1058 706 1071 727 ,
1101 681 1142 717 ὅ(
1165 676 1284 717 nullis
1301 675 1559 733 pravitatibus
1575 676 1730 716 detorta
1743 703 1758 725 ,

377 743 685 797 uniuscujusque
715 755 854 782 natura
881 754 970 781 toto
997 741 1124 780 statim
1151 741 1310 795 pe&ore
1339 742 1526 796 arriperet
1560 753 1660 780 artes
1688 740 1757 779 ho-

378 810 500 850 nestas
515 838 527 858 ,
556 811 596 848 δε
622 806 698 846 five
724 804 772 845 ad
794 818 877 844 rem
902 802 1114 844 militarem
1130 832 1142 852 ,
1172 803 1247 843 sive
1271 803 1319 844 ad
1342 802 1436 855 juris
1459 803 1666 843 scientiam
1682 831 1695 851 ,
1718 801 1758 840 si-

377 887 426 914 ve
455 872 503 912 ad
535 869 771 923 eloquentiae
802 867 972 907 studium
1001 865 1252 917 inclinasset,
1286 866 1327 907 id
1363 864 1493 906 solum
1524 878 1686 921 ageret,
1718 863 1760 905 id

379 933 606 976 universum
634 932 821 971 hauriret.

441 996 619 1036 XXIX.
654 994 728 1033 AT
755 1009 862 1034 nunc
890 1006 1003 1033 natus
1027 992 1155 1034 infans
1183 992 1391 1048 delegatur
1420 990 1610 1033 Graeculae
1639 989 1761 1031 alicui

379 1059 533 1102 ancillae
547 1089 560 1109 ,
580 1059 645 1099 cui
665 1055 893 1111 adjungitur
911 1070 1012 1095 unus
1031 1068 1097 1095 aut
1116 1055 1214 1096 alter
1234 1071 1283 1096 ex
1305 1055 1488 1097 omnibus
1509 1055 1651 1104 servis,
1675 1052 1760 1110 ple-

378 1137 546 1175 rumque
576 1119 804 1168 vilissimus,
833 1133 907 1158 nec
931 1119 1115 1171 cuiquam
1146 1119 1247 1159 serio
1279 1120 1495 1158 ministerio
1525 1131 1758 1159 accommo-

383 1185 678 1226 datus.Horum
693 1181 835 1222 fabulis
854 1184 893 1221 ὃ(
915 1180 1112 1221 erroribus
1127 1187 1145 1210 4
1161 1183 1288 1222 teneri
1307 1183 1432 1222 statim
1449 1185 1488 1221 ὅ(
1504 1181 1618 1221 rudes
1641 1180 1762 1220 animi

380 1248 727 1289 imbuuntur.Nec
743 1244 946 1298 quisquam
962 1245 1003 1282 in
1023 1242 1107 1284 tota
1128 1245 1250 1285 domo
1270 1245 1375 1299 pensi
1398 1243 1542 1293 habet,
1569 1242 1663 1297 quid
1692 1258 1762 1283 co-

381 1326 465 1352 ram
484 1310 634 1350 infante
654 1308 820 1349 domino
835 1311 870 1356 5,
894 1319 961 1346 aut
981 1306 1114 1356 dicat,
1139 1320 1206 1347 aut
1218 1307 1358 1347 faciat:
1374 1307 1532 1361 quando
1550 1308 1669 1346 etiam
1695 1307 1765 1362 ipsi

383 1386 565 1430 parentes
580 1386 654 1411 nec
669 1370 878 1427 probitati,
895 1384 1022 1422 neque
1043 1370 1259 1420 modestiae,
1276 1369 1461 1426 parvulos
1475 1369 1764 1419 adsuefaciunt,

383 1437 450 1477 sed
489 1434 658 1476 lascivia:
698 1437 737 1474 ὅ(
764 1431 938 1475 libertati
964 1430 979 1452 ⁶
1008 1445 1020 1478 3
1063 1448 1132 1489 per
1165 1449 1246 1488 quae
1274 1432 1482 1489 paullatim
1517 1432 1765 1489 impudentia

385 178 464 216 152

427 1587 435 1601 ¹
461 1583 651 1612 Commium
667 1581 924 1618 GRAccHORvm]
943 1580 1056 1611 Cicero

389 1621 428 1650 de
456 1621 527 1651 clar⁴
550 1622 637 1650 Orat.
666 1630 734 1659 cap.
756 1631 805 1658 27.
835 1620 898 1649 Fuit
913 1619 1059 1649 Gracchus

385 1659 529 1699 diligentici
560 1659 694 1688 Corneliae
728 1658 825 1687 marris
852 1670 868 1687 a
885 1669 966 1695 puero
992 1658 1057 1688 doc-

384 1708 431 1728 tus
449 1722 458 1736 ‚
481 1698 511 1727 Εν
533 1697 643 1727 Graecis
668 1698 757 1727 literis
778 1697 899 1726 eruditus
915 1711 924 1726 :
944 1698 1057 1728 deinde

387 1748 454 1776 cap.
486 1740 534 1778 58.
580 1737 711 1776 Legimus
740 1736 862 1775 epistolar
893 1736 1028 1767 Corneliae
1049 1761 1058 1774 ,

387 1777 486 1806 matris
501 1776 703 1810 Gracchorum
718 1786 830 1813 apparet
843 1776 922 1814 filios
934 1787 986 1805 non
1003 1786 1059 1805 tam

385 1817 416 1846 in
432 1817 637 1855 matrisgremio
652 1815 796 1851 educatos,
811 1818 888 1853 quu'm
903 1816 1059 1853 infiermone

386 1856 494 1885 marris.
518 1856 565 1885 De
580 1855 720 1885 laudibus
738 1854 893 1885 Corneliae
906 1856 992 1894 plura
1005 1855 1060 1884 ha-

387 1897 442 1926 bet
453 1895 628 1925 Plutarchus
645 1895 675 1923 in
688 1894 817 1925 Gracch.
838 1904 905 1932 paiz.
930 1897 999 1929 836.
1025 1894 1059 1923 Ei

388 1935 484 1964 flatua
503 1935 608 1964 Romae
634 1933 731 1971 pofita
744 1958 753 1970 ‚
777 1933 814 1962 de
834 1933 893 1971 qua
920 1932 1035 1962 Plinius
1050 1956 1058 1969 ‚

388 1975 539 2008 XXXIV,
569 1977 598 2003 6.
626 1972 743 2011 Exstant
765 1971 882 2000 Catonis
897 1972 924 2000 in
949 1972 1059 2010 cerzfimi

387 2012 596 2048 vociferationes
607 2035 616 2047 ‚
631 2011 785 2040 mulieribus
795 2010 927 2040 Romanis
949 2011 976 2040 in
991 2021 1058 2047 pro-

388 2052 490 2081 vinciis
504 2051 615 2090 statuar
633 2051 707 2087 poni.
728 2051 892 2080 Nec-tamen
914 2050 1000 2086 potuit
1017 2050 1058 2078 in-

388 2090 478 2119 hibere
487 2114 495 2125 ,
509 2093 556 2128 quo
569 2091 658 2119 minus
670 2089 762 2119 Romae
775 2100 873 2128 quoque
884 2098 1056 2125 ponerentur,

381 2129 465 2169 ficati
475 2129 609 2158 Corneliae
620 2129 806 2158 Gracchorum
819 2128 918 2164 matri,
935 2128 1057 2167 quaejin't

389 2168 520 2205 Africani
534 2168 706 2207 (Scipionis
719 2167 864 2205 majoris)
876 2167 1055 2205 prioris-filia.

388 2207 496 2237 Sedens
523 2207 583 2236 huic
606 2207 711 2246 posita,
729 2206 929 2245 soleisque—fine
950 2214 1056 2234 amento

388 2247 443 2285 (id
463 2246 503 2276 est
519 2246 600 2285 ,fine
614 2245 667 2275 loro
684 2249 695 2283 )
729 2245 843 2285 insignis
858 2268 866 2281 ‚
899 2245 926 2274 in
949 2244 1057 2274 Metelli

385 2285 494 2323 publici
512 2285 618 2321 porticu
642 2295 650 2311 .·
674 2295 731 2323 quae
753 2285 848 2324 statua
872 2294 944 2312 ηιιηε
966 2284 1001 2323 est
1026 2284 1054 2313 in

389 2324 512 2359 Offlavioe
532 2323 664 2360 operibus.

426 2369 438 2383 2
467 2365 635 2393 Ananiam
667 2363 837 2399 Casinis]
864 2361 989 2391 Aurelia
1017 2362 1054 2390 C.

387 2403 460 2434 Julii
474 2402 596 2433 Caesaris
612 2425 620 2438 ,
644 2401 820 2438 dictatoris,
843 2409 950 2433 mater.
974 2399 1053 2432 Vide

1097 1582 1232 1611 Stemma
1245 1579 1396 1610 Caesarum
1407 1603 1416 1617 ‚
1437 1588 1521 1610 num.
1539 1584 1569 1609 2.⁴

1137 1625 1146 1646 ³
1171 1621 1304 1656 Arma]
1329 1620 1374 1649 De
1384 1619 1453 1649 Atia
1465 1642 1474 1655 ‚
1498 1618 1621 1658 Augusti
1647 1626 1742 1648 matre
1754 1642 1765 1655 ,

1098 1659 1212 1689 dictum
1228 1669 1353 1698 quoque
1368 1659 1401 1688 in
1422 1660 1588 1689 Stemmate
1598 1658 1764 1691 Caesarum,

1097 1709 1172 1728 num
1184 1723 1192 1734 ‚
1217 1710 1260 1736 ¹4·

1136 1743 1150 1761 4
1171 1740 1215 1767 Er
1234 1748 1407 1768 Eanonrsus
1427 1739 1440 1775 ]
1464 1738 1528 1767 Hac
1545 1737 1582 1767 de
1595 1746 1626 1766 re
1646 1759 1655 1772 ‚
1690 1735 1765 1765 ficut

1099 1777 1136 1807 de
1160 1777 1269 1807 ceteris
1292 1777 1437 1807 omnibus
1450 1800 1458 1812 ‚
1483 1787 1548 1814 quae
1563 1777 1600 1806 ad
1615 1774 1766 1812 optimam

1099 1817 1268 1847 liberorum
1283 1816 1501 1846 educationem
1517 1815 1683 1853 pertinent.
1693 1814 1766 1843 vide

1098 1856 1292 1885 Plutarchum
1307 1879 1316 1893 ,
1337 1856 1432 1885 Tom.
1445 1856 1482 1884 ll.
1502 1864 1568 1894 pag.
1591 1865 1614 1883 1.
1629 1854 1687 1891 nef}
1701 1852 1767 1882 ora(-

1099 1895 1146 1924 ἔων
1158 1899 1268 1930 ἀγωγῖἷς.

1141 1939 1148 1960 5
1170 1936 1299 1964 Inuum
1322 1934 1469 1970 DOMINO]
1487 1930 1614 1971 Egregie
1630 1932 1767 1961 Juvena-

1099 1973 1153 2009 lis,
1181 1976 1278 2012 Satyr.
1291 1973 1383 2009 XIV,
1411 1983 1461 2009 44.

1129 2025 1174 2049 Nil
1183 2025 1243 2049 dian
1250 2025 1338 2055 foedum
1349 2023 1436 2055 visitque
1450 2023 1496 2046 hoec
1507 2022 1590 2046 limina
1600 2027 1699 2053 tangat,

1129 2059 1195 2082 Intra
1206 2066 1314 2090 quaepuer
1326 2057 1368 2088 est:
1376 2057 1456 2089 procul
1467 2057 1528 2082 hinc,
1537 2056 1617 2087 procul
1625 2053 1767 2086 indepuellte

1128 2093 1246 2116 Lemnum
1258 2110 1263 2117 ‚
1275 2092 1299 2115 ἐν
1311 2099 1390 2115 cantus
1399 2090 1554 2122 pernoflanris
1563 2087 1659 2120 parasiti

1128 2126 1237 2150 Maxima
1248 2126 1342 2149 debetur
1350 2133 1420 2156 puero
1432 2123 1569 2147 reverentia.
1589 2122 1616 2145 Si
1629 2121 1682 2153 quid

1129 2159 1203 2191 Turpe
1213 2167 1283 2191 paras
1294 2177 1301 2186 ‚
1325 2167 1365 2182 nec
1376 2165 1400 2182 ru
1409 2157 1474 2189 pueri
1492 2155 1651 2186 contempseris
1663 2161 1749 2179 annos:

1129 2194 1175 2217 Sed
1183 2200 1306 2225 peccaturo
1319 2190 1407 2222 obsistat
1422 2189 1535 2219 tibifilius
1547 2189 1629 2220 infans.

1097 2243 1164 2272 Alia
1188 2241 1318 2280 plurima
1340 2241 1373 2270 &
1399 2239 1520 2280 egregia
1541 2239 1578 2268 de
1599 2238 1659 2269 hoc
1671 2248 1766 2277 argu-

1096 2289 1203 2310 mento
1224 2280 1344 2309 ibidem
1362 2279 1444 2309 vide.

1134 2322 1147 2338 ⁶
1170 2321 1349 2348 Lmsm-,an
1373 2320 1385 2355 ]
1423 2318 1614 2348 Libertatem
1653 2326 1707 2353 pro
1728 2315 1767 2344 li-

1097 2358 1201 2388 centia
1241 2357 1411 2396 effrenique
1441 2357 1573 2389 libidine
1610 2354 1766 2396 usurpavit

1096 2408 1156 2437 quc
1163 2408 1222 2437 que
1233 2396 1364 2428 Tullius„

1605 2455 1741 2511 irrepit
1753 2482 1767 2505 ,

1792 815 1845 843 10

1792 1443 1849 1472 20
