1952 2708
362 166 421 201 72
584 148 632 186 c,
700 141 1151 185 CORNELII
1215 140 1536 186 TAchr

424 229 503 269 IV.
539 226 719 266 CNAEUS
737 224 866 269 Julius
895 223 1116 280 Agricola,
1138 226 1264 266 veteri
1282 229 1321 266 ὅ(
1338 224 1477 266 illustri
1497 223 1749 279 Forojulien-

360 294 457 332 sium
477 295 487 312 1
505 287 667 331 colonia
687 302 818 339 ortus,
833 302 1046 342 utrumque
1069 304 1187 329 avum
1201 303 1502 345 procuratorem
1521 291 1744 332 Caesarum²

358 353 519 395 habuit:
536 369 619 407 quae
648 353 834 407 equestris
855 352 1042 393 nobilitas
1067 353 1141 392 est:
1157 365 1267 408 pater
1283 352 1412 396 Julius
1430 355 1662 395 Graecinus³
1684 356 1744 397 se-

356 418 501 459 natorii
524 417 695 466 ordinis,
720 417 848 457 studio
876 415 1113 470 eloquentiae
1137 416 1413 472 sapie11tiaeque
1438 430 1557 457 notus
1576 446 1588 467 ‚
1611 414 1745 471 'iisque

355 479 569 522 virtutibus
589 482 687 521 iram
709 480 797 520 Caii
824 479 985 519 Caesaris
1000 484 1016 507 4
1033 480 1210 519 meritus.
1232 481 1420 533 Namque
1436 479 1624 520 Marcum
1640 479 1745 522 Sila-

355 560 453 585 num
473 544 657 585 accusare
673 543 790 596 jussus
807 574 819 592 ‚
841 548 880 583 &
894 573 906 592 ,
932 544 1022 597 quia
1045 542 1255 593 abnuerat,
1272 542 1499 584 interfeEIus
1526 543 1592 583 est.
1609 545 1744 585 Mater

353 607 460 652 Julia
485 600 662 649 Procilla
691 607 766 646 fuit
791 636 804 656 ,
826 621 916 647 rara:
944 608 1129 646 castitatis
1155 624 1162 646 :
1195 608 1235 647 in
1261 605 1378 660 hujus
1410 606 1495 646 sinu
1527 605 1744 662 indulgen-

350 668 484 725 tiaque
501 676 513 703 5
533 672 725 711 educatus
738 699 750 720 ‚
774 684 844 725 per
863 685 1026 710 omnem
1043 671 1295 711 honestarum
1316 670 1460 710 artium
1474 668 1629 710 cultum
1648 685 1744 726 pue-

350 736 481 775 ritiam
511 734 902 788 adolescentiamque
924 735 1128 789 transegit.
1157 733 1333 775 Arcebat
1359 748 1451 774 eum
1471 732 1518 774 ab
1543 732 1745 775 illecebris

351 800 608 854 peccantium
624 829 636 848 ,
658 812 795 854 praeter
811 798 925 853 ipslus
942 797 1088 839 bonam
1104 799 1381 853 integramque
1399 811 1581 838 naturam
1598 827 1610 847 ,
1635 798 1744 852 quod

350 863 478 902 statim
512 860 699 917 parvulus
734 861 867 901 sedem
908 877 954 902 ac
993 863 1215 916 magistram
1249 862 1465 903 studiorum
1495 859 1744 902 Massiliam?

350 924 535 965 habuerit
556 955 568 975 ‚
598 924 737 966 locum
764 921 904 965 Graeca
929 927 1120 966 comitate
1153 931 1191 966 <Sc
1220 924 1463 982 provinciali
1491 920 1742 980 parcimoniss⁴

351 989 532 1038 mistum,
549 1005 595 1030 ac
614 988 717 1029 bene
739 989 1018 1044 compositum.
1042 988 1245 1030 Memoria
1261 1004 1381 1030 teneo
1397 1019 1410 1039 ,
1427 986 1590 1028 solitum
1614 989 1743 1044 ipsum

352 1066 508 1092 narrare
526 1082 538 1103 ‚
562 1069 584 1088 (ε
599 1052 637 1092 se
654 1053 693 1091 in
708 1051 833 1107 prima
849 1051 1012 1103 juventa
1032 1053 1201 1093 studium
1224 1052 1488 1108 philosophice
1510 1053 1661 1102 acrius,
1683 1049 1743 1092 ul-

351 1128 443 1157 »tra
471 1114 589 1168 quam
615 1115 846 1155 concessum
865 1116 1056 1155 Romano
1078 1131 1123 1156 ac
1145 1116 1342 1166 senatori,
1365 1114 1526 1156 hausisse
1543 1144 1556 1165 ‚
1584 1116 1624 1154 ni
1647 1130 1742 1171 pru-

349 1177 518 1218 »dentia
548 1179 683 1218 matris
716 1178 925 1219 incensum
962 1194 1008 1219 ac
1035 1179 1270 1233 fiagrantem
1311 1179 1490 1219 animum
1541 1178 1743 1219 coercuis-

349 1240 409 1281 set
433 1255 440 1278 :
462 1258 483 1277 >2
510 1239 667 1281 scilicet
686 1241 854 1281 sublime
887 1245 926 1281 δε
947 1243 1121 1281 ετεᾶιιῐῃ
1140 1243 1347 1296 ingenium
1365 1270 1376 1290 ‚
1397 1240 1741 1296 pulchritudinem

351 1319 398 1344 ac
431 1304 605 1359 speciem
636 1303 801 1344 excelsae
832 1319 1062 1359 magnaeque
1092 1303 1228 1359 gloria:
1268 1305 1545 1349 vehementius
1572 1334 1585 1354 ,
1624 1304 1745 1358 quam

351 1367 489 1419 caute,
506 1365 719 1423 appetebat
745 1384 753 1408 :
782 1382 880 1411 mox
899 1369 1100 1423 mitigavit
1125 1369 1226 1412 ratio
1251 1371 1291 1411 ὃς
1318 1380 1407 1412 aetas
1435 1385 1443 1409 z
1470 1369 1740 1423 retinuitque,

1776 810 1827 838 10

348 1490 355 1506 s
394 1497 402 1511 ¹
427 1492 736 1532 FoRanm-:NsmMJ
763 1494 1026 1533 Foroiuliensium
1067 1495 1108 1525 dic
1130 1496 1161 1525 ob
1186 1496 1233 1525 hoc
1256 1505 1337 1525 unum
1358 1519 1367 1533 ,
1394 1495 1461 1535 qudd
1483 1494 1576 1525 melior
1599 1494 1644 1524 vir
1659 1502 1742 1532 erat,
1777 1525 1780 1532 ¹

350 1531 495 1570 colonia,
514 1543 596 1563 nunc
610 1534 706 1568 k‘re‘jus
720 1557 728 1570 ‚
742 1534 774 1564 in
791 1534 893 1564 Gallia
905 1537 1027 1566 Narbo-
1064 1538 1142 1574 quim
1175 1536 1222 1575 effe
1255 1546 1411 1574 quemquam
1440 1544 1558 1575 tyranno
1592 1533 1742 1570 expediret.

348 1570 435 1600 nensi
460 1595 469 1607 ‚
491 1573 529 1602 de
559 1573 619 1612 qua
641 1573 757 1603 Plinius
777 1575 820 1603 III
839 1598 848 1610 ‚
871 1586 901 1612 4.
928 1574 1026 1604 Forum
1066 1576 1135 1613 Ejus
1152 1575 1316 1606 volumina
1342 1575 1374 1604 cle
1390 1575 1478 1604 vineis
1501 1574 1629 1605 laudant
1642 1573 1742 1604 Colu-

348 1608 421 1639 Julii
436 1609 638 1640 Ofiazzanorum
659 1612 763 1642 colonia
778 1637 788 1650 ,
821 1623 879 1652 quae
896 1613 1027 1654 Pacensis
1066 1615 1197 1647 mellab
1219 1626 1243 1645 1.
1259 1617 1293 1646 ὃς
1312 1615 1427 1645 Plinius
1444 1616 1534 1651 XIV,
1549 1625 1578 1644 2.
1597 1615 1742 1650 XV1‚44.

348 1649 504 1685 appellatur
520 1650 549 1679 tr
565 1651 691 1690 Claffica.
1066 1656 1238 1685 Nummum
1267 1654 1507 1685 Buthrotiorum
1533 1677 1542 1689 ,
1575 1663 1658 1683 nunc
1682 1651 1742 1680 Bu-

390 1691 400 1703 ²
426 1690 688 1721 PRocURAToREM
720 1693 882 1722 CAESARUM
904 1693 919 1729 ]
951 1695 1027 1724 Pro-
1064 1694 1168 1728 trimo,
1190 1694 1222 1724 in
1236 1694 1329 1732 Epiro
1344 1718 1353 1728 ,
1377 1694 1508 1733 protulit
1522 1693 1571 1723 Cl.
1586 1691 1740 1728 Pellerin,

347 1736 528 1772 curatorum
553 1730 606 1759 alii
632 1730 664 1760 in
692 1732 863 1769 provinciis
884 1733 1025 1770 publicas
1064 1733 1175 1763 Recueil
1197 1733 1229 1762 [Ie
1242 1733 1391 1762 Medailles
1413 1732 1445 1762 de
1459 1730 1617 1769 Peuples&
1632 1730 1664 1759 de
1676 1730 1740 1760 Vil÷

347 1776 494 1810 pecunias
509 1791 517 1803 ,
540 1769 593 1799 alii
608 1778 673 1799 tum
691 1771 828 1808 publicas
849 1781 914 1801 tum
931 1772 1024 1802 farni-
1063 1773 1122 1809 les,
1145 1774 1240 1803 Tom.
1261 1774 1284 1803 Ι.
1297 1783 1364 1813 pag.
1382 1776 1431 1803 82.
1444 1772 1542 1802 tabul.
1565 1772 1634 1800 XII.
1653 1781 1740 1801 num.

347 1806 437 1849 hares
451 1808 602 1838 Caesarum
620 1809 766 1847 pecunias
789 1811 946 1841 curabant.
964 1814 1024 1841 Pu-
1065 1822 1092 1852 5.
1104 1812 1334 1852 inscriptumtl.
1352 1812 1599 1843 GRAECINVS.
1619 1811 1739 1847 QVIN.

347 1845 546 1890 blicanorum
576 1856 678 1878 autem
711 1849 821 1879 ordine
853 1851 886 1880 ὅ(
914 1851 1023 1881 officiis
1065 1853 1145 1882 PER.
1162 1852 1194 1881 id
1208 1851 1370 1887 &idalius
1386 1851 1552 1885 Graecinus,
1573 1849 1738 1888 Quinquen-

346 1885 443 1924 vulgo
458 1886 689 1930 ⁴detinebantur
716 1889 835 1927 equites
857 1890 992 1920 Romani
1015 1902 1023 1928 ;
1063 1891 1136 1920 nalis
1146 1901 1300 1928 perpetuus.
1325 1893 1482 1921 Incertum
1508 1899 1613 1920 tamen
1635 1891 1739 1919 utrum

346 1933 427 1962 quos
456 1934 538 1955 inter
562 1926 756 1958 habebantur
783 1929 909 1959 nobiles
926 1953 935 1966 ‚
969 1930 1023 1969 qui
1062 1932 1100 1961 ad
1112 1931 1228 1960 Julium
1241 1930 1433 1968 Graecinum,
1454 1930 1607 1969 Agricolae
1619 1936 1737 1966 patrem

346 1972 434 1994 erant
468 1974 702 2008 *procuratores
741 1968 903 1998 Caesarum.
946 1970 1023 1999 Inde
1063 1970 1230 2009 pertineat.

346 2003 490 2041 equestris
518 2005 573 2035 illa
594 2006 743 2036 nobilitas
760 2030 767 2043 ‚
785 2017 877 2045 quam
894 2009 1021 2038 Tacitus
1101 2015 1115 2033 4
1137 2011 1211 2040 (ΖΑΗ
1226 2012 1390 2047 Cffisnms]
1405 2010 1473 2041 Caii
1487 2007 1738 2048 Caligulae.vide

345 2051 510 2085 memorat.
538 2045 585 2075 De
605 2046 857 2083 procuratoribus
871 2048 904 2078 ὃς
920 2048 1023 2085 publi-
1061 2050 1317 2088 Supplementum
1332 2051 1444 2080 Annal.
1458 2051 1532 2084 VII,
1548 2059 1598 2086 23.

346 2091 432 2124 canis
454 2082 568 2125 filetum
585 2085 670 2122 supra
689 2086 800 2115 Annal.
818 2087 895 2121 XII,
914 2091 964 2117 60.
987 2089 1021 2116 In
1103 2094 1111 2115 5
1137 2092 1170 2118 IN
1204 2101 1297 2121 umus
1332 2100 1401 2119 sinu
1430 2086 1737 2122 mourossurmoun]

344 2122 520 2163 mmoribus
538 2123 719 2161 quibusdam
733 2125 902 2162 provinciis
916 2149 924 2161 ‚
940 2134 973 2156 ut
988 2126 1020 2156 in
1061 2128 1107 2157 De
1123 2127 1179 2157 hac
1203 2128 1322 2167 optima
1344 2127 1537 2158 institutione
1557 2126 1631 2156 vide
1655 2124 1735 2155 infr-‘3

344 2160 467 2202 Judaea,
481 2171 695 2199 procuratores
709 2164 952 2199 jurisdictionem
968 2167 1022 2196 ob·
1061 2166 1187 2206 Dialog.
1204 2168 1241 2197 de
1257 2170 1343 2197 Orat.
1364 2167 1507 2196 XXVIII.

346 2199 499 2229 tinebant.
521 2201 616 2237 Quod
631 2202 776 2232 omnibus
794 2213 1001 2239 compertum.
1100 2207 1113 2225 ⁶
1135 2208 1316 2236 Mnssrrmm
1337 2208 1351 2243 ]
1383 2206 1476 2235 Nunc
1502 2204 1653 2242 ΜαζΓεὶΗε.
1687 2204 1737 2236 De

386 2243 396 2264 ³
420 2240 527 2269 Jurxus
540 2241 729 2278 GRAEcnws]
752 2241 845 2271 Julius
860 2243 1018 2281 Groecilzur,
1061 2244 1119 2275 hac
1135 2245 1235 2275 urbea
1248 2243 1478 2274 Phocaeensibus
1492 2244 1639 2281 condita,
1653 2245 1736 2275 unde

346 2276 418 2307 teste
442 2278 558 2308 Seneca
579 2281 634 2316 Ep.
652 2282 761 2323 *XXIX
781 2305 789 2317 ,
819 2282 862 2313 vis
882 2284 1019 2322 egregius.
1062 2285 1168 2313 Graeca
1184 2283 1313 2313 comitas
1326 2306 1334 2318 ‚
1354 2285 1416 2321 jam
1436 2283 1550 2313 dierum
1569 2284 1655 2322 supra
1667 2286 1738 2313 An·-

346 2316 439 2361 Idem.
455 2317 493 2347 de
510 2319 673 2349 Beneficiis
696 2322 721 2349 II
736 2344 744 2356 ‚
768 2331 824 2357 21,
846 2321 874 2350 si
902 2321 1019 2358 exemplo
1061 2322 1122 2351 nal.
1145 2323 1203 2358 lv,
1228 2333 1276 2361 43.
1294 2324 1340 2353 De
1361 2324 1424 2360 ejus
1449 2323 1571 2361 origine
1586 2325 1619 2354 ὃ(
1633 2322 1736 2353 laudi-

344 2365 438 2395 magnz
455 2356 540 2385 animi
560 2368 624 2394 opus
637 2358 689 2395 est,
706 2368 813 2388 utamur
829 2360 954 2390 Groecini
966 2359 1020 2390 Ju-
1061 2361 1116 2390 bus
1144 2361 1231 2399 plura
1260 2361 1335 2394 vide
1360 2362 1441 2402 apud
1458 2363 1648 2394 Strabonem
1669 2363 1737 2400 111,

343 2394 375 2425 ni
387 2417 397 2433 ,
417 2395 471 2426 viri
487 2397 590 2437 egregii
609 2421 620 2437 ‚
642 2408 719 2437 quem
732 2398 820 2428 Caius
835 2398 929 2440 Coefizr
944 2400 1019 2430 occi·
1061 2409 1129 2440 pag.
1149 2411 1217 2440 124.

1627 2459 1739 2518 quod
