1952 2708
654 163 1196 212 GERMANIA.

1532 177 1588 224 63

204 252 260 289 re'.
285 243 425 288 Securi
457 251 468 267 ¹
499 243 686 285 adversus
717 245 929 295 homines,
965 245 1094 285 securi
1127 247 1311 290 adversus
1335 252 1432 294 deos
1458 281 1471 304 ,
1504 268 1590 295 rem

205 308 489 351 difficillimam
513 307 690 348 adsecuti
717 307 808 348 sunt
822 337 835 358 ‚
863 320 908 348 ut
931 305 1011 348 illis
1037 323 1087 348 ne
1112 323 1211 349 voto
1234 312 1394 364 quidem
1431 319 1446 336 ²
1490 332 1591 373 opus

204 372 313 413 esset.
332 372 478 413 Cetera
493 369 572 423 jam
587 369 768 412 fabulosa
783 389 792 412 ε
818 388 839 408 (ε
854 368 1058 412 Hellufios
1076 375 1115 412 ὅ(
1133 373 1317 414 Oxionas
1340 381 1349 404 ³
1375 392 1443 417 ora
1459 379 1591 420 homi-

202 452 226 474 »
237 451 333 476 num
349 434 562 489 vultusque
577 464 589 485 ,
611 449 781 490 corpora
803 447 920 488 atque
942 448 1048 475 artus
1068 435 1240 476 ferarum
1265 452 1403 491 gerere
1421 457 1462 480 »:
1483 443 1592 494 quod

204 513 282 554 ego
297 529 310 552 ‚
338 511 383 540 ut
405 500 703 555 incompertum
717 527 731 550 ,
748 500 789 540 in
811 497 989 539 medium
1010 496 1233 553 relinquam
1246 504 1278 541 4⁴

203 620 286 660 apud
297 622 328 652 P.
341 621 380 652 de
393 620 588 653 Charlevoix
602 643 612 658 ‚
638 619 701 651 loc.
712 618 766 652 cit.
783 619 879 650 Lettre

203 662 294 696 XIV,
318 671 386 700 pag.
404 672 474 692 221.

245 705 253 719 ¹
279 702 394 731 Secum
418 705 430 735 ]
463 699 513 730 Sic
538 700 674 737 Seneca,
702 699 757 737 Ep.
772 700 878 743 XVI-1,

203 740 407 770 commendat
453 746 642 778 aupertatem
656 762 665 775 ,
680 738 740 778 quai
759 747 877 775 promit-

203 778 272 808 titur
284 788 414 816 perpetua
438 779 558 814 iberras,
584 777 687 807 nullius
698 802 708 815 ‚
723 788 773 807 nec
788 777 877 807 homi-

202 818 267 854 nis,
287 828 337 847 nec
352 818 412 848 Dei
429 819 517 848 timor.
545 818 592 848 De
613 817 755 848 interrita
770 818 876 848 Cana-

203 857 342 888 denfium
353 858 513 888 securitate
527 880 536 892 ‚
558 860 629 887 cum
646 857 783 896 suprema
802 858 876 888 vitae

202 895 331 934 instant,
344 897 416 927 vide
428 899 458 928 Ρ.
469 898 506 928 de
519 896 711 928 Charlevonr
721 921 729 935 ‚
744 897 804 928 loc.
822 897 874 928 cit.

202 935 299 965 Lerne
314 938 425 968 XXVI.
446 947 512 976 pag.
528 947 596 974 372.

243 978 252 990 ²
284 977 334 1006 ΝΕ
370 988 457 1008 voro
493 986 616 1012 QumEM
635 976 649 1011 ]
676 975 739 1005 Illis
767 983 875 1006 natura

202 1014 320 1046 sufficit.
343 1016 419 1046 Inde
444 1026 484 1046 ne
516 1023 594 1045 voto
618 1014 744 1054 quidem
770 1025 846 1054 opus
865 1039 873 1053 ,

200 1054 264 1092 quia
287 1064 389 1084 natura
413 1055 551 1084 minimum
566 1055 636 1091 perit
653 1077 663 1092 ‚
683 1057 791 1085 Senec.
812 1055 874 1085 loc.

202 1102 256 1124 cit.

243 1138 252 1158 3
281 1133 458 1165 HELLuslos
491 1144 529 1163 m·
556 1135 704 1163 Oxmrms
729 1134 742 1169 ]
788 1132 875 1162 Ultra

200 1171 328 1203 Fennos
353 1173 483 1203 Hcllufii
500 1174 533 1203 ὃς
549 1172 691 1202 Oxiones
712 1193 720 1206 ‚
748 1181 830 1201 nunc
848 1172 874 1200 la

203 1209 338 1247 Laponie.
350 1213 431 1242 C‘urn
445 1212 476 1241 in
496 1212 541 1241 his
558 1209 753 1250 frigidissimis
768 1210 873 1249 regio-

201 1250 292 1281 nibus
311 1250 453 1282 homines
473 1251 636 1281 horrerent
650 1249 770 1278 hirsutis
792 1251 873 1279 fera—

200 1299 267 1320 rum
280 1290 411 1328 pellibus
424 1313 433 1325 ‚
447 1289 519 1319 dieti
537 1290 604 1319 sunt
619 1299 673 1319 ora
686 1288 852 1318 hominurn
864 1313 872 1326 ‚

201 1339 332 1367 corpora
349 1329 492 1368 artusque
505 1328 637 1359 ferarum
648 1338 773 1372 gererej
788 1339 874 1358 com-

199 1367 288 1398 muni
302 1379 404 1399 errore
419 1392 427 1405 ,
442 1371 476 1399 ὅς
487 1369 568 1407 apud
582 1379 639 1398 nos
652 1376 745 1398 etiam
756 1378 788 1396 in
802 1368 873 1412 lon-

200 1407 385 1446 ginquarum
412 1407 699 1447 peregrinationum
720 1415 873 1438 narratio-

200 1446 291 1477 nibus
315 1447 452 1487 vulgato.
476 1448 565 1477 Adde
591 1446 686 1477 moris
712 1446 769 1476 effe
793 1447 873 1486 apud

200 1486 346 1518 barbaros
360 1486 475 1517 imitari
488 1487 580 1517 sonos
593 1486 742 1522 ferarum,
756 1494 789 1516 ut
809 1495 871 1517 ter-

199 1535 288 1556 reant
305 1527 338 1557 ὃ(
352 1526 472 1557 fallant.
483 1526 562 1557 Vide
575 1527 605 1556 Ρ.
619 1527 657 1555 de
668 1525 872 1563 Charlevoix‚

199 1564 542 1604 Histoire&Descripti0n
558 1565 688 1604 generale
709 1564 740 1593 de
760 1564 787 1593 la
803 1575 873 1594 nuu-

197 1604 267 1634 velle
281 1608 393 1633 france.
406 1605 492 1636 Libr.
506 1606 529 1634 1.
539 1615 606 1644 pag.
630 1608 665 1634 16
682 1605 715 1635 &
726 1605 814 1644 seqq.

240 1648 255 1667 4
288 1645 319 1674 In
359 1656 487 1675 menium
522 1655 703 1679 RELmQUAM
727 1648 737 1679 ]
787 1646 872 1674 Bene

199 1683 386 1722 egregieque
400 1684 522 1714 faetum.
533 1685 663 1714 Fabulas
674 1683 757 1714 enim
771 1684 872 1722 prodi-

199 1722 289 1753 differ
302 1723 447 1760 Tacitus,
465 1724 570 1768 quales
588 1724 671 1753 Mela
692 1747 700 1759 ‚
726 1723 842 1753 Plinius
861 1747 870 1761 ‚

199 1761 316 1801 aliique
356 1763 482 1801 plurim1
506 1786 515 1799 ‚
541 1762 635 1793 etiam
668 1762 869 1793 recentiores.

198 1801 291 1831 Nunc
306 1803 382 1833 vero
402 1801 521 1841 aliquid
541 1803 579 1833 de
604 1810 675 1833 toto
701 1801 760 1832 hoc
786 1802 868 1833 libro

199 1839 374 1871 summatim
401 1843 564 1872 observare
593 1842 690 1879 juvat.
713 1842 869 1880 Comper-

198 1886 265 1909 tum
288 1880 372 1910 enim
402 1881 479 1911 mihi
496 1881 642 1918 videtur,
665 1882 700 1912 &
723 1882 869 1911 omnibus

198 1920 386 1957 perspeemm
401 1920 459 1951 erit
472 1944 481 1957 ‚
505 1928 538 1950 ut
561 1921 677 1959 opinor
689 1944 698 1956 ‚
722 1920 869 1951 Tacitum

198 1957 279 1987 nihil
303 1959 340 1988 de
363 1959 592 1990 Germanorum
615 1960 753 1990 moribus
772 1960 868 1998 scrip-

197 1996 262 2027 fisse
274 2020 282 2032 ‚
299 1998 384 2036 quod
398 2009 468 2029 cum
480 1998 588 2029 natura
603 2000 636 2030 ὃ(
654 1999 787 2030 veritate
802 2010 869 2030 non

198 2036 384 2066 consentiat.
421 2038 452 2067 Si
477 2037 561 2068 enim
582 2061 590 2074 ,
624 2046 657 2068 ut
685 2038 868 2077 quibusdam

197 2075 315 2113 placuit
333 2099 341 2112 ,
373 2075 503 2115 ingenio
522 2076 576 2106 suo
594 2077 760 2108 indulsisset
771 2079 868 2108 Taci-

197 2122 247 2145 tus
265 2138 275 2152 ,
305 2123 337 2146 ut
360 2115 587 2147 Germanorum
609 2126 712 2147 mores
737 2116 869 2156 fingeret

917 619 1041 658 potius,
1058 621 1150 660 quam
1174 620 1301 652 referret
1313 645 1322 658 ‚
1344 622 1504 654 Romanos
1520 637 1589 657 car-

916 660 1010 698 pendi
1030 660 1185 699 cupidus;
1209 662 1374 700 quomodo
1408 673 1510 694 mores
1542 666 1588 696 illi

916 700 1145 730 Germanorum
1166 710 1236 730 cum
1250 701 1476 732 Canadenfium
1490 706 1588 734 mori-

915 739 989 774 bus,
1008 739 1061 777 qui
1074 738 1182 778 vigent
1202 739 1320 777 adhuc,
1341 742 1496 781 nobisque
1516 743 1587 774 sunt

915 778 1156 816 perspeeriffimi‚
1175 780 1370 811 concordant
1387 782 1397 810 3
1412 783 1589 819 Quomodo

915 827 1016 848 mores
1045 818 1117 848 illos
1140 819 1390 857 Germanorum,
1413 821 1446 850 in
1469 821 1589 851 veteri-

914 857 969 887 bus
991 857 1114 896 legibus
1134 881 1144 895 ‚
1178 858 1298 896 Salic51,
1328 860 1548 898 Ripuariorum
1578 884 1590 898 ,

913 897 1172 936 Burgundionum
1191 921 1200 934 ‚
1232 899 1427 937 Anglorum‚
1456 901 1589 939 Lango-

913 937 1079 966 bardorum
1092 960 1100 973 ‚
1116 937 1313 977 aliorumque
1324 963 1332 975 ‚
1349 938 1519 978 superstites
1531 940 1589 970 de-

914 975 1152 1014 prehendimus?
1168 978 1342 1014 Quomodo
1353 1002 1362 1015 ,
1377 979 1442 1017 post
1456 987 1506 1009 tot
1517 987 1590 1010 tan-

914 1015 1017 1054 tasque
1044 1014 1224 1046 saeculorum
1260 1026 1353 1055 atque
1384 1018 1588 1056 imperiorum

915 1054 998 1085 vices
1016 1079 1025 1091 ‚
1053 1066 1154 1086 mores
1176 1055 1248 1086 illos
1264 1080 1273 1093 ‚
1290 1058 1361 1087 illos
1385 1058 1451 1087 usus
1467 1059 1588 1089 tamdiu

914 1094 1068 1125 retinuere
1086 1118 1095 1130 ,
1119 1094 1277 1134 hodieque
1301 1097 1411 1135 magna
1441 1107 1478 1127 ex
1503 1107 1587 1136 parte

914 1133 1051 1163 retinent
1071 1133 1225 1164 immensae
1251 1135 1285 1166 ὅζ
1307 1136 1434 1166 diversae
1454 1137 1589 1166 Germa-

914 1181 1044 1209 norum,
1068 1173 1280 1210 Francorum,
1304 1176 1477 1214 Anglorum
1510 1186 1588 1215 gen-

914 1219 957 1240 tes
976 1213 987 1240 2
1010 1214 1179 1250 Quotquot
1205 1213 1340 1244 vivimus
1363 1238 1372 1250 ‚
1404 1216 1437 1245 &
1461 1215 1587 1246 annales

914 1250 1031 1280 nostros
1042 1274 1050 1287 ‚
1063 1252 1177 1281 nostras
1195 1252 1276 1291 leges
1287 1276 1295 1288 ‚
1313 1253 1430 1284 nostros
1444 1254 1511 1284 usus
1524 1265 1586 1286 no-

915 1288 1013 1319 vimus
1027 1312 1034 1324 ‚
1057 1289 1129 1320 huic
1152 1291 1232 1321 libro
1252 1292 1346 1322 fidem
1366 1292 1505 1323 facimus.
1523 1294 1586 1324 Uti-

913 1338 983 1358 nam
1009 1329 1158 1359 faciamus
1176 1330 1310 1369 semper,
1323 1333 1586 1372 Germanicasque

913 1367 1148 1405 virtutes,novis
1163 1370 1378 1407 &majoribus
1392 1371 1425 1400 in
1437 1371 1501 1402 dies
1517 1373 1585 1402 vir—

912 1407 1049 1443 tutibus,
1071 1409 1262 1440 cumulemus
1285 1410 1291 1440 !
1315 1413 1354 1440 At
1369 1410 1402 1439 in
1421 1410 1481 1441 hoc
1502 1411 1585 1442 libro

911 1456 1012 1477 mores
1037 1449 1198 1479 Romanos
1219 1472 1228 1484 ‚
1259 1449 1310 1479 vel
1332 1449 1422 1480 silens
1438 1474 1447 1487 ‚
1481 1451 1584 1489 passim

911 1487 1008 1525 carpit
1024 1488 1162 1518 Tacitus.
1188 1491 1267 1519 Veri:
1286 1489 1414 1528 quidem
1436 1491 1469 1520 ὅ(
1489 1491 1584 1521 belle.

911 1526 980 1556 Hoc
1003 1527 1044 1556 est
1067 1527 1152 1557 enim
1176 1528 1289 1566 optimi
1315 1529 1460 1567 cujusque
1488 1529 1584 1568 scrip-

910 1565 986 1595 toris
1003 1567 1140 1596 officium
1151 1591 1159 1603 ,
1181 1567 1243 1597 haec
1257 1577 1327 1598 cura
1340 1592 1348 1603 ‚
1370 1568 1432 1598 haec
1448 1568 1512 1598 laus
1524 1593 1532 1603 ,
1545 1570 1584 1600 ad

910 1604 1006 1635 aetatis
1017 1605 1073 1635 suae
1090 1616 1191 1636 mores
1204 1630 1213 1643 ‚
1229 1606 1291 1637 fine
1306 1607 1504 1644 adulatione,
1521 1608 1584 1639 fine

911 1644 1086 1675 offensione
1099 1670 1105 1681 ‚
1119 1645 1258 1675 animum
1271 1647 1431 1677 advertere
1445 1671 1453 1683 ,
1469 1647 1584 1686 eosque

910 1694 966 1721 pro
987 1684 1045 1714 suis
1060 1685 1177 1715 viribus
1189 1686 1226 1715 ad
1236 1686 1368 1716 meliora
1384 1696 1584 1725 promovere.

911 1723 999 1753 Nihil
1026 1724 1105 1754 ultra
1128 1725 1290 1756 addidero.
1315 1725 1347 1756 Si
1369 1725 1436 1764 quis
1451 1734 1554 1756 autem
1574 1750 1584 1763 ,

909 1772 1059 1801 quantum
1087 1764 1265 1794 Germanici
1294 1764 1390 1795 moris
1414 1765 1585 1795 retinueri-

909 1812 975 1833 mus
986 1825 994 1835 ,
1013 1803 1151 1833 voluerit
1167 1804 1269 1842 paucis
1291 1804 1481 1843 cognoscere
1494 1828 1503 1841 ,
1516 1805 1585 1835 ele-

909 1841 1112 1880 gantiffimam
1136 1843 1216 1882 legat
1238 1842 1483 1874 dissertationem
1500 1867 1508 1879 ‚
1534 1844 1586 1874 cui

910 1882 958 1911 Cl.
980 1882 1018 1912 de
1041 1884 1153 1912 Vertot
1171 1883 1298 1913 titulum
1318 1882 1393 1913 fecit
1413 1893 1420 1912 ε
1440 1883 1586 1922 Differat-

909 1921 965 1949 tion
1000 1920 1072 1949 dans
1093 1921 1206 1960 laquelle
1229 1932 1262 1951 on
1285 1922 1362 1951 nithe
1385 1922 1417 1951 (le
1428 1921 1542 1951 demeler
1554 1923 1584 1951 [ιι

909 1960 1040 1989 z'e'ritable
1054 1960 1160 2000 origine
1176 1961 1224 1990 des
1234 1961 1370 1999 Fraszfoir
1381 1985 1389 1996 ‚
1410 1971 1462 1997 par
1481 1972 1516 1990 urz
1530 1971 1584 1998 pa-

910 1999 1002 2028 mllele
1017 1999 1048 2028 de
1063 2000 1135 2029 leurs
1148 2011 1247 2029 maeurs
1259 2011 1325 2028 avec
1345 2000 1433 2035 celles?
1444 1999 1492 2030 der
1505 2001 1583 2030 Ger-

908 2040 1009 2068 maitzs.
1018 2039 1097 2070 Vide
1107 2039 1254 2069 Me'moires
1263 2039 1294 2068 de
1304 2039 1470 2069 l'Acade‘mie
1479 2039 1582 2080 Royale

909 2077 957 2106 des
984 2077 1163 2117 Inftriptions
1178 2102 1188 2117 ,
1213 2081 1307 2109 Tom.
1326 2081 1364 2110 ΙΙ.
1380 2090 1448 2119 pag.
1465 2083 1524 2120 567
1545 2081 1582 2112 ὃς

909 2117 994 2156 seqq.

829 2219 956 2264 Ὃένψ

867 2268 929 2311 ’ὧν
