1952 2708
291 186 379 227 AD
420 181 782 226 DIALOGUM
821 182 906 223 DE
947 183 1388 227 ORATORIBUS.
1458 199 1544 235 227

156 265 210 312 jus
224 261 342 299 saecuii
355 288 365 303 ,
380 272 454 309 quo
472 258 594 295 Stoica
607 258 781 308 vigebant
793 258 939 307 placita.
959 258 1095 295 Eorum
1113 263 1208 297 enim
1227 262 1358 299 summa
1377 260 1425 298 est
1437 289 1446 305 ‚
1465 261 1545 298 hzt’c

157 312 296 350 tantum
316 311 449 347 habere
473 310 571 346 bona
586 337 595 353 ‚
623 322 702 359 quse
723 309 762 345 in
782 309 818 345 se
833 339 841 351 ‚
865 321 943 344 non
967 309 1004 344 in
1023 309 1096 345 alio
1112 337 1121 351 ‚
1148 311 1325 346 oriuntur.
1342 311 1441 348 Male
1460 311 1546 347 libri

152 361 266 406 editi,
294 373 362 396 tum
387 363 475 397 abire
500 361 580 409 quod
594 360 628 408 fi
651 373 713 396 non
735 363 768 396 in
790 361 855 396 alio
877 362 992 395 oritur.
1016 359 1155 395 Frustra
1175 360 1337 395 tentabat
1358 361 1544 406 Pithoeus,

152 425 222 448 tum
255 413 387 455 habere,
419 412 501 460 quod
524 423 585 446 non
609 413 642 446 in
666 412 741 446 alvo
767 413 892 452 oritur3
918 409 999 453 vel,
1028 411 1110 458 quod
1133 409 1169 457 fi
1190 423 1250 444 non
1274 411 1402 444 aliunde
1428 415 1543 448 oritur.

152 461 338 504 Schelius,
366 474 433 497 tum
457 463 567 498 habere
589 490 599 506 ,
642 462 724 510 quod
762 474 823 496 non
849 463 882 495 in
915 461 995 495 alios
1028 463 1229 508 congeritur,
1253 458 1338 502 vel,
1358 460 1545 506 confertur:

153 511 489 553 Schurzfleischius‚
518 525 584 547 tlim
610 515 644 547 in
668 513 779 546 crelam
805 512 916 554 abire,
944 509 1025 559 quod
1049 511 1082 545 id
1104 523 1166 544 non
1185 511 1224 544 ab
1244 511 1307 544 alio
1331 513 1445 545 oritur.
1465 509 1546 546 Alii

151 561 277 606 aliter,
308 566 341 599 &
366 564 468 612 aequ'e
492 562 695 599 infeliciter.

209 613 434 649 CODiCiLLis
466 625 603 648 DATUR
626 616 643 658 ]
687 612 743 646 Ita
777 610 856 647 Mss.
882 610 1002 647 vatic.
1027 609 1128 645 Libri
1154 608 1241 646 editi
1264 635 1275 652 ,
1316 611 1349 644 in
1377 609 1545 646 codicillis.v

152 662 448 711 Praepositioriem
473 662 664 698 omittebat
692 673 839 711 quoque
864 659 1037 697 Pithoeus.

203 714 306 759 QUAE
334 725 437 749 FAMA
464 724 512 748 ET
542 724 636 748 LAUs
665 723 838 747 cumsvrs
866 722 973 747 ARTIS
995 714 1012 756 ]
1045 710 1100 745 Ita
1125 708 1261 757 Lipsius
1287 711 1321 744 &
1346 708 1544 745 Recentio-

151 775 206 800 res
229 775 365 800 ornnes.
393 764 436 798 In
458 761 681 799 editionibus
703 760 906 804 veteribus,
933 762 1008 809 quid
1025 761 1131 808 fama.
1159 758 1357 797 Beroaldus
1380 758 1545 795 emenda-

151 814 228 855 vit,
258 814 422 861 cujusvis:
449 823 554 848 antea
580 812 742 855 editum,
768 815 868 859 cujus.

199 862 292 898 NON
320 874 521 899 ILLUSTPAES
548 873 589 898 IN
620 861 731 898 URBE
761 873 889 896 SOLUM
915 864 931 907 ]
961 860 1036 898 Mss.
1065 860 1185 899 Vatic.
1221 859 1319 896 1862
1352 861 1385 895 δε
1414 860 1544 907 4498,

152 924 214 947 non
239 912 376 960 illustres
408 914 445 949 ξπ·
465 925 527 948 non
547 915 580 947 in
602 913 684 948 Urbe
698 912 816 959 sblt‘cm.
841 910 908 947 ΜΓ.
942 911 1060 949 Varie.
1095 913 1217 960 1518,
1250 923 1311 945 non
1334 909 1471 956 illustres
1507 909 1544 944 ξφ

152 974 215 997 non
238 963 357 1008 solum.

207 1013 356 1058 Quissus
383 1025 498 1049 MODO
526 1023 651 1049 RECTA
679 1024 730 1048 ET
757 1023 924 1047 INDOLES
950 1023 1017 1047 EST
1042 1014 1059 1056 ]
1091 1011 1147 1046 Ita
1173 1009 1250 1046 Mss.
1276 1008 1396 1047 Vatic.
1425 1011 1459 1044 δε
1481 1020 1544 1056 op-

152 1062 252 1098 time.
293 1062 355 1099 Sic
380 1062 523 1098 Tullius
539 1090 549 1106 ‚
578 1063 607 1098 I.
637 1062 680 1098 de
708 1061 838 1097 Divin.
859 1062 920 1097 86.
951 1060 1200 1108 Quintilianus
1225 1059 1330 1108 Iristit.
1348 1060 1444 1094 Orat.
1464 1059 1515 1095 Vl
1534 1085 1545 1100 ,

150 1122 187 1159 3.
205 1111 352 1162 ipseque
369 1113 516 1149 Tacitus
532 1112 623 1148 infre
638 1124 717 1160 cap.
741 1124 799 1148 10.
818 1112 906 1146 mod&
936 1124 1002 1159 pro
1022 1112 1144 1159 quiclem
1162 1110 1387 1158 usurpavere.
1413 1109 1544 1156 Perpe-

151 1174 225 1197 ram
250 1162 333 1198 libri
362 1162 476 1204 editi,
505 1163 615 1211 quibus
639 1175 760 1196 morum
785 1162 822 1196 δῖ’
846 1161 964 1196 indoles
992 1161 1044 1208 est.
1064 1159 1200 1210 Lipsius
1223 1173 1242 1197 e
1259 1159 1442 1203 Romami,
1468 1157 1545 1195 nes-

150 1212 211 1248 cio
244 1213 315 1262 quei
332 1239 343 1256 ,
373 1212 536 1249 editione
552 1238 562 1254 ,
595 1211 718 1248 laudat
735 1211 845 1260 quihus
862 1214 965 1256 major
982 1211 1115 1246 indoles.

201 1311 308 1349 CAP.
337 1312 441 1350 VIII.
471 1313 564 1348 NON
592 1324 711 1349 Minus
739 1324 820 1348 Esse
847 1314 865 1356 ]
896 1310 1050 1348 Videtur
1075 1310 1263 1353 excidisse,
1298 1320 1410 1350 notos,·
1436 1308 1546 1358 idque

149 1363 221 1411 jain
245 1375 418 1399 monuere
441 1361 602 1398 Muretus
627 1367 660 1398 &
688 1361 835 1410 Lipsius.
860 1360 1084 1397 Einendabat
1114 1359 1426 1395 Schurzfleiscliius
1442 1387 1451 1402 ‚
1483 1372 1546 1393 non

150 1415 288 1468 iunioris·
315 1414 380 1462 effi.
416 1412 594 1449 Salinerio
629 1415 662 1449 &
693 1411 840 1449 ScheliO
878 1410 1053 1461 probatur
1084 1410 1230 1460 vulgata
1257 1409 1454 1458 scriptura:
1485 1407 1546 1445 sed

151 1473 343 1498 immerito.

202 1511 286 1548 NEC
313 1524 393 1548 HOC
423 1524 498 1548 1LL1
529 1523 723 1548 ALTERIVE
746 1516 765 1559 ]
809 1511 868 1547 Sic
895 1511 1034 1561 optime
1056 1511 1262 1548 emendavit
1288 1509 1415 1546 Illustr.
1441 1508 1546 1544 Hue-

153 1561 234 1598 tius.
259 1562 304 1598 In
328 1562 428 1598 libris
450 1562 618 1599 omnibus
644 1562 748 1598 editis
764 1589 773 1605 ‚
801 1575 854 1597 mc
878 1563 933 1597 hoc
954 1564 1020 1597 illis
1050 1564 1182 1597 alterius
1209 1573 1256 1596 ter
1281 1562 1407 1595 millies.
1437 1558 1544 1595 Unde

152 1611 314 1648 tentabat
336 1611 471 1660 Lipsius
486 1640 496 1656 ‚
524 1626 577 1648 nec
599 1614 653 1647 hoc
677 1614 745 1648 illis
760 1642 768 1655 ‚
798 1613 931 1647 alterius
956 1624 1002 1647 ter
1020 1613 1135 1647 millies
1151 1642 1158 1654 ‚
1185 1612 1316 1646 alterius
1336 1611 1380 1645 bis
1403 1610 1544 1643 millies.-

153 1661 213 1697 Cl.
239 1661 284 1698 de
311 1662 343 1698 la
364 1663 580 1712 Monnoye,
606 1676 659 1698 nec
685 1665 740 1698 hoc
765 1662 832 1698 illis
855 1663 998 1698 ulterius.
1024 1661 1242 1709 Rodolplius
1267 1658 1464 1709 Agricola,
1491 1671 1545 1693 nec

151 1713 208 1747 lzoc
239 1714 306 1748 illis
339 1714 511 1762 utriusque.
549 1713 592 1748 In
621 1711 784 1750 editione
818 1711 1017 1748 Oxoniensi
1044 1711 1363 1748 Declainationum
1393 1707 1545 1755 Quinti-

153 1761 264 1806 liani,
294 1775 350 1799 an.
382 1763 479 1814 1675
498 1791 509 1808 ‚
539 1762 577 1798 in
605 1775 753 1814 quarum
776 1762 846 1800 fine
871 1762 1012 1799 additus
1038 1762 1099 1798 liic
1127 1761 1316 1810 dialogus,
1345 1774 1396 1794 nec
1419 1761 1474 1793 lzoc
1500 1759 1545 1793 il-

154 1813 194 1847 lis
208 1814 355 1848 alterive.

206 1861 283 1898 SED
310 1875 389 1899 IPSA
417 1875 670 1907 ELOQUENTIA
693 1868 711 1910 ]
741 1864 802 1899 Sed
830 1862 924 1898 abest
947 1875 966 1898 a
991 1861 1171 1898 veteribus
1201 1857 1433 1897 editionibus.
1467 1855 1544 1891 Ad-

155 1911 313 1947 dendum
337 1914 475 1960 optime
498 1915 666 1951 viderunt
691 1913 826 1962 Lipsius
841 1941 851 1956 ‚
878 1912 1139 1949 Freinshemius
1157 1913 1190 1946 ἃς
1211 1908 1452 1947 Recentiores.
1472 1906 1546 1943 An-

156 1971 214 1998 tea
236 1961 327 1998 male
352 1962 633 2013 distinguebatur
646 1992 654 2007 ‚
671 1965 794 2011 vemffi.
813 1966 885 2009 Ipsa
907 1965 1084 2011 eloquentia
1103 1964 1169 1998 &c.

207 2011 273 2047 AD
302 2024 492 2054 QUANTAM
518 2018 535 2059 ]
566 2014 641 2050 Mff.
669 2008 786 2051 Vatic-
809 2014 851 2049 ad
876 2027 981 2062 quam.

204 2062 283 2097 SED
311 2074 398 2098 HAEC
416 2090 425 2104 ‚
456 2075 509 2099 UT
539 2075 659 2099 SUPRA
688 2075 769 2100 Dixi
786 2092 796 2107 ,
827 2074 1001 2099 PizoxiiviA
1023 2066 1040 2108 ]
1070 2061 1167 2097 Bene
1184 2058 1318 2107 Lipsius
1343 2070 1361 2094 e
1381 2057 1446 2093 Ms.
1465 2057 1545 2092 Far-

154 2110 228 2146 nes.
254 2111 298 2147 In
325 2112 487 2150 editione
507 2112 693 2162 principe,
710 2114 769 2160 sed
789 2113 905 2156 habet,
934 2125 967 2148 ut
982 2112 1084 2159 fiiprci
1102 2112 1197 2153 dixi,
1220 2111 1395 2156 propriam.
1417 2107 1547 2143 Puteo-

155 2161 279 2203 lanus,
304 2165 447 2209 propria.

206 2213 446 2248 SPECTANDA
470 2223 700 2249 HABERE-ivios
719 2216 738 2259 ]
769 2212 825 2248 Ita
842 2211 1021 2249 editiones
1045 2222 1181 2248 veteres
1200 2211 1233 2245 ὃς
1254 2207 1483 2245 recentiores.
1502 2205 1546 2242 In

158 2261 283 2297 mediis
311 2262 520 2312 quibusdam
539 2291 548 2306 ‚
574 2264 733 2298 habemus.

210 2311 414 2348 ANGusTiA
442 2325 577 2349 RERUM
597 2317 613 2359 ]
646 2313 700 2348 Ita
717 2312 934 2349 Puteolanus
951 2315 982 2347 &
1001 2310 1232 2348 Recentiores
1251 2320 1384 2345 ornnes.
1406 2306 1447 2342 In
1469 2303 1544 2339 Mis.

160 2358 280 2397 vatic.
300 2366 333 2398 ὃς
357 2362 518 2399 editione
537 2363 701 2413 principe
716 2389 725 2403 ‚
754 2363 900 2411 angustia
927 2374 1076 2407 ereptum.
1100 2360 1207 2396 Unde
1226 2358 1385 2396 tentabat
1403 2353 1546 2392 Rodoi-

160 2408 253 2459 plius
276 2412 472 2462 Agricola,
496 2414 642 2461 angustia
662 2425 831 2460 parentum
846 2428 860 2447 .·
890 2411 1053 2462 Lipsius,
1085 2411 1236 2460 angustiae
1262 2422 1378 2444 rerum.

1255 2476 1374 2528 Ffij
