1952 2708
147 812 199 845 10

630 140 1194 187 GERMANIA.
1556 162 1614 200 23

229 227 299 274 nisi
323 221 463 269 armati
488 236 614 280 agunt
643 229 673 265 ¹.
699 222 778 265 Sed
799 237 906 264 arma
928 224 1083 263 sumere
1106 238 1189 265 non
1210 225 1301 266 ante
1322 227 1509 283 cuiquam
1529 244 1619 272 mo-

229 294 281 335 ris
297 321 310 343 ,
336 289 454 346 quam
484 289 626 330 civitas
651 287 907 328 suffecturum
937 285 1180 343 probaverit.
1206 287 1315 327 Tum
1337 291 1377 330 in
1401 292 1487 347 ipso
1516 308 1619 336 con-

229 355 327 397 cilio
340 384 353 406 ,
372 352 439 396 vel
460 353 688 409 principum
710 350 851 405 aliquis
864 381 877 402 ,
897 349 964 393 vel
986 363 1097 407 pater
1110 379 1122 401 ,
1145 348 1211 391 vel
1232 352 1479 407 propinquus
1502 357 1618 399 scuto

228 415 455 472 frameaque
473 415 665 468 juvenem
686 428 830 456 ornant
850 419 887 455 ²:
911 416 996 456 haec
1017 414 1122 471 apud
1142 412 1235 454 illos
1258 427 1356 468 toga
1385 420 1395 444 ³
1415 445 1428 466 ,
1452 418 1518 459 hic
1539 422 1619 474 pri-

230 497 317 524 mus
343 480 515 535 juventae
542 482 696 521 honos:
727 492 818 520 ante
843 480 925 520 hoc
949 478 1090 519 domus
1118 492 1207 534 pars
1233 482 1251 505 4
1278 477 1465 520 videntur
1480 510 1493 532 ,
1521 496 1620 524 mox

227 545 470 603 reipublicae.
491 544 659 599 Insrgnis
680 542 892 594 nobilitas,
909 556 978 584 aut
992 556 1139 597 magna
1158 553 1316 598 patrum
1335 544 1495 595 merita,
1515 546 1620 601 prin-

227 611 329 667 cipis
362 608 638 664 dignationem
672 611 685 638 5
721 608 841 648 etiam
879 604 1189 648 adolescentulis
1223 605 1441 661 adsignant.
1481 608 1620 652 Ceteri

226 671 511 714 robustioribus
525 670 542 693 ⁶
556 688 603 713 ac
627 669 864 727 jampridem
891 669 1066 727 probatis
1093 683 1364 725 aggregantur
1380 687 1388 710 2
1404 684 1479 712 nec
1495 672 1620 714 rubor

226 738 330 778 inter
356 737 526 778 comites
556 740 570 762 ⁷
598 736 736 792 aspici.
769 733 928 776 Gradus
962 735 1180 788 quinetiam
1212 737 1253 774 ὅ(
1284 733 1367 790 ipse
1402 735 1619 776 comitatus

226 800 373 850 habet,
400 798 555 853 judicio
581 797 665 851 ejus
680 828 694 850 ,
725 813 844 853 quem
870 797 1087 839 seRantur:
1111 812 1335 853 magnaque
1359 801 1399 838 &
1420 799 1620 839 comitum

225 863 426 904 aemulatio
445 892 459 914 ,
501 862 643 917 quibus
672 863 823 918 primus
854 862 960 918 apud
992 862 1216 918 principem
1246 861 1358 903 suum
1387 860 1535 909 locus;
1577 865 1620 902 ὃς

224 928 483 983 principum,
512 927 578 966 cui
603 924 766 982 plurimi
801 930 841 967 ὃς
864 926 1047 967 acerrimi
1084 926 1267 966 comites.
1289 926 1390 966 Haec
1423 925 1621 980 dignitas,

224 991 284 1033 hae
308 991 410 1032 vires
435 987 449 1011 ⁸
464 1019 477 1041 ,
502 1003 651 1044 magno
673 988 829 1045 semper
849 988 1066 1030 electorum
1085 987 1280 1042 juvenum
1303 987 1429 1044 globo
1451 990 1622 1031 circum-

939 1145 997 1165 rum
1016 1136 1108 1176 hastile
1128 1137 1252 1166 libraret.
1279 1137 1366 1167 Idem
1391 1137 1509 1166 Seneca
1535 1157 1544 1172 ,
1578 1134 1619 1166 de

939 1175 986 1206 Ira
998 1199 1008 1212 ,
1022 1177 1034 1205 Ι
1048 1200 1056 1212 ,
1074 1187 1118 1206 11.
1141 1176 1293 1205 Germanis
1305 1176 1367 1214 quid
1386 1175 1421 1214 est
1441 1175 1586 1214 animrfius
1600 1176 1618 1204 ἓ

937 1215 1000 1253 qaid
1016 1216 1052 1242 ad
1064 1216 1197 1254 incurficm
1217 1215 1310 1244 acrius
1320 1217 1334 1244 ?
1346 1214 1408 1254 quid
1419 1225 1553 1243 armorum
1565 1224 1617 1243 cu-

935 1253 1028 1290 pidius
1040 1254 1159 1293 ?quibus
1172 1254 1352 1293 innszsi‘unzur
1362 1255 1619 1292 innurriunrurque:

937 1304 1045 1332 quorum
1066 1294 1148 1323 unica
1174 1294 1230 1323 illis
1250 1303 1316 1322 cura
1337 1293 1389 1332 est,
1407 1293 1436 1322 in
1454 1293 1511 1321 alia
1524 1294 1618 1333 negli-

934 1332 1076 1373 gentibus.
1103 1332 1182 1373 Quid
1209 1332 1368 1362 induratius
1392 1332 1427 1362 ad
1442 1342 1543 1361 omnem
1561 1344 1618 1369 Γα-

938 1373 1065 1402 rientiam
1084 1374 1098 1402 ?
1118 1382 1147 1402 ur
1171 1373 1266 1412 quibus
1286 1373 1389 1412 magnai
1409 1382 1443 1401 ex·
1462 1382 1544 1409 parte
1562 1383 1618 1402 non

938 1422 1094 1453 tegumenta
1108 1423 1247 1450 corporum
1263 1413 1464 1451 provisafimr3
1488 1422 1542 1441 non
1551 1412 1618 1450 fiis-

930 1452 1014 1492 fagia
1025 1452 1158 1482 adversas
1167 1462 1324 1490 perperaum
1337 1452 1398 1482 caeli
1410 1452 1536 1491 rigorem.
1550 1452 1617 1484 Plu-

937 1503 968 1524 ra
980 1492 1055 1523 vide
1068 1492 1149 1522 infra
1165 1503 1231 1531 cap.
1245 1504 1293 1530 24.

978 1537 993 1555 4
1013 1533 1127 1562 Domus
1148 1542 1223 1562 mss
1235 1533 1249 1569 ]
1260 1534 1286 1562 A
1299 1530 1392 1562 servis
1402 1540 1469 1561 non
1482 1530 1618 1563 discreti.

265 1140 275 1154 ¹
291 1134 427 1178 *Annam
448 1139 574 1175 Aoum]
588 1136 707 1176 lpfique
720 1136 837 1174 judices
848 1147 898 1167 ar-

220 1182 309 1205 mati.
324 1177 401 1206 Inde
415 1176 448 1206 in
460 1179 505 1207 Le
529 1176 653 1207 eSalicci
667 1201 675 1213 ‚
691 1176 755 1206 Tit.
770 1178 899 1207 XLVII.

224 1213 318 1253 lega.
333 1214 367 1243 In
385 1216 436 1253 ipsi)
455 1220 502 1245 Ma
518 1216 541 1244 lo
553 1239 562 1252 ,
579 1215 611 1245 id
625 1216 682 1251 est,
696 1215 812 1254 placito
823 1239 831 1252 ‚
848 1216 899 1246 seu

224 1262 386 1284 conventu
398 1254 537 1291 judiciali
547 1255 667 1292 ,Ji'urum
678 1254 778 1283 habere
791 1253 897 1285 debens.

223 1293 347 1322 Morem
368 1293 457 1324 illum
480 1293 634 1324 retinuere
656 1293 763 1332 populi
789 1304 898 1324 omnes

223 1332 417 1363 Germanicae
441 1332 580 1372 originis.
604 1334 693 1372 Apud
706 1343 759 1363 eos
778 1334 898 1364 decoris

222 1371 258 1402 ὃ(
272 1372 456 1403 urbanitatis
473 1374 514 1403 est
528 1373 561 1403 in
577 1373 737 1411 publicum
751 1383 817 1403 non
829 1384 899 1413 pro-

221 1410 289 1441 dire
303 1435 311 1448 ‚
329 1411 385 1441 nifi
398 1412 504 1452 gladio
523 1412 688 1443 accincios.
706 1414 826 1443 Contra
839 1423 897 1444 ve-

220 1452 257 1481 ro
269 1451 403 1482 Romani
416 1455 537 1483 tantum
552 1452 584 1481 in
597 1453 683 1483 bello
698 1452 819 1483 armati.

263 1493 273 1506 ²
294 1492 446 1523 Juveuem
468 1494 620 1530 orimur]
654 1493 726 1523 Haec
747 1491 898 1531 Equestris

221 1529 398 1561 nobilitatis
409 1554 417 1568 ,
429 1530 456 1559 la
467 1531 629 1560 Chevalerie
644 1555 652 1568 ‚
675 1542 808 1562 avorum
823 1532 897 1562 nos-

220 1576 340 1600 trorum
361 1570 514 1602 memoria
531 1570 770 1602 celebratissimae
797 1571 897 1602 initia.

220 1607 296 1638 Filii
308 1620 414 1649 regum
429 1621 447 1641 a
461 1611 583 1650 regibus
605 1610 716 1642 exteris
742 1621 827 1641 arma
844 1621 897 1642 ac-

220 1648 332 1686 cepisse
353 1650 511 1680 videntur.
548 1651 624 1680 Inde
647 1661 718 1681 cum
740 1651 868 1681 Audoin
890 1675 899 1689 ,

221 1687 419 1730 §epidorum
436 1689 536 1720 vietor
549 1714 558 1727 ,
578 1700 595 1720 a
611 1691 828 1730 Langobardis
848 1689 899 1719 in—

219 1734 369 1759 cltaretur
394 1752 402 1765 ,
423 1738 457 1760 ut
482 1740 553 1760 cum
580 1729 649 1761 filio
682 1730 736 1761 suo
760 1729 899 1767 Alboin,

220 1766 360 1810 victoriae
373 1768 522 1808 participe
537 1793 546 1806 ‚
560 1770 726 1808 pranderet
736 1793 745 1806 ‚
758 1769 791 1799 id
808 1780 901 1809 nega-

220 1813 268 1836 V1t
283 1807 378 1845 :scitis
396 1809 485 1845 enim,
501 1809 607 1848 inquit,
627 1819 681 1838 non
699 1810 746 1850 effe
762 1809 834 1846 apud
851 1819 900 1839 nos

219 1846 436 1883 confiterudinem
456 1870 466 1884 ,
489 1858 518 1876 ur
542 1849 618 1888 regis
632 1848 715 1888 filius
739 1859 798 1878 cum
819 1858 900 1885 parre

216 1885 375 1921 prandeat,
399 1887 451 1927 nisi
472 1888 551 1925 priris
566 1898 583 1916 a
604 1899 667 1926 rege
684 1889 778 1928 gentis
798 1898 900 1918 exteroe

219 1933 299 1953 arma
315 1926 456 1964 ficscipz'ar.
479 1926 721 1968 warnefridus,
753 1927 786 1958 de
811 1928 901 1968 Gestis

219 1962 467 2003 Langobardorum
478 1991 487 2004 ,
501 1969 513 1997 1
527 1991 536 2004 ,
559 1977 610 2005 23.

260 2008 270 2029 3
295 2004 414 2042 TocA]
448 2008 488 2036 Ut
513 2014 589 2046 toga
614 2030 622 2043 ‚
646 2007 684 2038 de
705 2007 765 2047 qua
784 2007 899 2038 dictum

221 2041 335 2074 Annal.
353 2045 411 2073 XII
423 2056 477 2082 ‚41
492 2069 501 2083 ‚
517 2047 667 2076 Romanae
684 2047 820 2085 juventae
834 2047 899 2086 pri—

220 2091 288 2113 mus
303 2082 406 2114 honos
420 2107 428 2119 ‚
449 2084 487 2114 fic
506 2084 624 2115 scutum
639 2085 817 2124 frameaque
834 2087 899 2124 pri-

219 2131 271 2152 ma
286 2123 479 2154 Germanicae
492 2123 665 2160 juventutis
681 2126 806 2155 decora.
823 2128 898 2163 Quae

220 2161 345 2204 assecuti
355 2162 504 2193 videntur
513 2163 705 2195 duodecimo
715 2172 767 2195 aut
776 2164 900 2204 quinto-

221 2200 347 2231 declmo
362 2201 458 2232 aetatis
469 2213 564 2233 anno.
579 2204 708 2234 interim
723 2204 815 2234 nullis
828 2205 900 2235 edu-

221 2240 356 2284 cationis
377 2241 497 2272 deliciis
521 2242 607 2273 fraffi
629 2266 637 2277 ,
662 2252 695 2273 ut
721 2243 898 2274 videbimus

221 2278 302 2309 infra
330 2291 396 2319 cap.
423 2292 462 2311 20
479 2305 488 2318 ,
511 2282 550 2312 ad
574 2282 722 2313 bellicam
748 2282 897 2313 virtutem

223 2319 463 2356 adolescebant,
488 2320 578 2360 seque
593 2321 771 2352 civitatibus
781 2333 896 2362 appro-

937 1571 1018 1603 Vide
1030 1572 1111 1601 infra
1125 1581 1191 1610 cap.
1207 1582 1253 1607 ¹9·

981 1617 989 1638 5
1014 1612 1167 1641 Pmnclris
1192 1613 1438 1644 DIGNATIONEM]
1466 1609 1617 1648 Principis

940 1650 1135 1691 dignitatem.
1160 1650 1210 1681 Sic
1224 1651 1304 1689 apud
1322 1649 1470 1685 Livium,
1495 1650 1543 1681 ΙΙ,
1570 1654 1618 1679 16.

939 1691 1047 1727 Appius
1065 1691 1138 1719 inter
1154 1689 1254 1719 Patres
1268 1689 1350 1718 [efflas
1362 1712 1371 1725 ‚
1390 1688 1462 1717 haud
1478 1688 1518 1716 ira
1535 1688 1618 1717 mults>

937 1730 992 1769 1⁷<ss
1011 1730 1038 1759 in
1050 1730 1202 1766 principum
1220 1729 1407 1769 dignationem
1426 1728 1562 1765 pervenit.
1582 1727 1618 1757 ld

939 1770 999 1805 est,
1016 1769 1097 1800 inter
1107 1769 1260 1808 principes
1277 1769 1361 1800 cives
1378 1770 1540 1799 Romanos
1558 1766 1616 1797 ha-

938 1809 1022 1840 bitus
1035 1809 1092 1842 est,
1110 1818 1143 1840 ut
1155 1812 1235 1840 recte
1252 1810 1386 1847 explicat
1400 1807 1544 1851 Pichena.

978 1850 991 1868 ⁶
1011 1850 1132 1880 emam
1156 1848 1428 1884 Ronusrlomssus]
1449 1846 1528 1878 Vide
1543 1847 1617 1876 No-

938 1895 983 1919 tas
993 1888 1027 1919 &
1040 1888 1285 1919 Emendationes
1296 1889 1334 1918 ad
1343 1898 1408 1926 cap.
1423 1898 1433 1916 1
1444 1897 1468 1919 ἔ.

977 1934 990 1954 7
1003 1930 1099 1959 INTER
1121 1933 1272 1963 comm-rs]
1286 1928 1429 1959 Comites
1442 1926 1531 1961 illos,
1541 1927 1616 1956 Com-

936 1977 1065 2007 pagnons
1089 1990 1098 2003 ‚
1123 1970 1201 1998 reete
1220 1968 1315 1998 vertit
1338 1967 1389 1996 Cl.
1412 1966 1450 1996 de
1471 1965 1616 1995 Montes-

939 2007 1054 2045 quieu;
1073 2008 1107 2038 &
1121 2008 1158 2037 ad
1174 2007 1262 2046 hujus
1275 2006 1333 2038 aevi
1345 2016 1449 2036 mores
1466 2003 1616 2044 appofite.

939 2047 1102 2077 Germanis
1127 2046 1215 2086 Gesell
1238 2070 1247 2083 ‚
1282 2056 1448 2084 cornpagnon
1485 2043 1616 2074 d'arrnes.

939 2086 1042 2117 Tanta
1055 2088 1131 2116 vcro
1144 2086 1225 2125 apud
1239 2087 1413 2117 Germanos
1426 2084 1554 2128 illorum
1565 2094 1616 2114 co-

938 2125 1051 2156 mitum
1075 2125 1133 2156 fuit
1150 2125 1336 2157 existimatio
1350 2147 1359 2160 ,
1379 2134 1414 2155 ut
1435 2123 1456 2154 fi
1481 2124 1613 2154 occule-

938 2174 1044 2196 rentut
1070 2166 1295 2196 laederenturve
1312 2189 1320 2203 ‚
1357 2165 1451 2203 triplo
1485 2164 1587 2207 maj-or
1605 2186 1614 2199 ‚

938 2206 1032 2243 quam
1056 2215 1112 2243 pro
1139 2205 1247 2235 ceteris
1271 2204 1414 2243 ingenuis
1432 2203 1614 2245 hominibus

938 2244 1091 2274 solvenda
1115 2244 1189 2274 effer
1211 2243 1419 2283 compositio,
1441 2251 1474 2273 ut
1487 2242 1613 2285 videbi-

939 2294 1006 2313 mus
1027 2283 1108 2313 infra
1120 2283 1153 2312 in
1167 2284 1259 2314 Notis
1280 2285 1313 2314 δί
1333 2281 1614 2324 Emendationibus

939 2323 977 2352 ad
986 2333 1052 2361 cap.
1067 2333 1118 2352 21.
1131 2323 1184 2353 ubi
1199 2324 1237 2354 de
1253 2323 1497 2354 homicidiorum
1510 2328 1612 2359 pretio

223 2357 350 2400 babanp.
371 2360 447 2390 Inde
461 2362 579 2391 Seneca
590 2363 798 2406 Ep.XXXVI.
817 2362 851 2392 Si
867 2363 895 2392 in
938 2363 1085 2393 dicemus.

225 2395 379 2430 ‚Germanici
395 2408 479 2429 natus
493 2400 552 2440 effer
565 2423 575 2438 ,
591 2410 718 2439 protznus
731 2411 799 2439 puer
816 2412 895 2432 tene-

978 2401 989 2421 3
1012 2403 1092 2433 Hac
1118 2413 1285 2440 memus,
1309 2413 1357 2432 ωε
1384 2400 1502 2436 vinrs]
1521 2399 1613 2430 Hunc
