<?xml version="1.0" encoding="UTF-8"?>
<!DOCTYPE html PUBLIC "-//W3C//DTD XHTML 1.0 Transitional//EN"
    "http://www.w3.org/TR/xhtml1/DTD/xhtml1-transitional.dtd">
<html xmlns="http://www.w3.org/1999/xhtml" xml:lang="en" lang="en">
 <head>
  <title>
</title>
<meta http-equiv="Content-Type" content="text/html;charset=utf-8" />
  <meta name='ocr-system' content='tesseract 3.04.00' />
  <meta name='ocr-capabilities' content='ocr_page ocr_carea ocr_par ocr_line ocrx_word'/>
</head>
<body>
  <div class='ocr_page' id='page_1' title='image "./operabro04taciuoft_0244.png"; bbox 0 0 1952 2708; ppageno 0'>
   <div class='ocr_carea' id='block_1_1' title="bbox 384 102 1574 193">
    <p class='ocr_par' dir='ltr' id='par_1_1' title="bbox 384 102 1574 193">
     <span class='ocr_line' id='line_1_1' title="bbox 384 102 1574 193; baseline -0.005 -10"><span class='ocrx_word' id='word_1_1' title='bbox 384 158 470 193; x_wconf 75' lang='lat'>232</span> <span class='ocrx_word' id='word_1_2' title='bbox 593 136 809 178; x_wconf 86' lang='lat' dir='ltr'><strong>NOTAE</strong></span> <span class='ocrx_word' id='word_1_3' title='bbox 843 134 928 175; x_wconf 90' lang='lat' dir='ltr'>ET</span> <span class='ocrx_word' id='word_1_4' title='bbox 980 102 1574 178; x_wconf 77' lang='lat' dir='ltr'>EMENDATtoNEs</span> 
     </span>
    </p>
   </div>
   <div class='ocr_carea' id='block_1_2' title="bbox 373 211 1775 2412">
    <p class='ocr_par' dir='ltr' id='par_1_2' title="bbox 381 211 1775 467">
     <span class='ocr_line' id='line_1_2' title="bbox 384 211 1775 265; baseline -0.002 -11"><span class='ocrx_word' id='word_1_5' title='bbox 384 223 443 255; x_wconf 72' lang='lat' dir='ltr'>cim</span> <span class='ocrx_word' id='word_1_6' title='bbox 467 216 573 251; x_wconf 77' lang='lat' dir='ltr'>millia</span> <span class='ocrx_word' id='word_1_7' title='bbox 595 225 765 263; x_wconf 78' lang='lat' dir='ltr'>nongentos</span> <span class='ocrx_word' id='word_1_8' title='bbox 788 215 1020 261; x_wconf 78' lang='lat' dir='ltr'>quinquaginta</span> <span class='ocrx_word' id='word_1_9' title='bbox 1045 224 1193 261; x_wconf 81' lang='lat' dir='ltr'>quatuor.</span> <span class='ocrx_word' id='word_1_10' title='bbox 1217 211 1318 249; x_wconf 85' lang='lat' dir='ltr'>Idem</span> <span class='ocrx_word' id='word_1_11' title='bbox 1340 212 1463 250; x_wconf 81' lang='lat' dir='ltr'>suadet</span> <span class='ocrx_word' id='word_1_12' title='bbox 1487 214 1631 250; x_wconf 83' lang='lat' dir='ltr'>Solinus</span> <span class='ocrx_word' id='word_1_13' title='bbox 1649 240 1659 257; x_wconf 91' lang='lat'>,</span> <span class='ocrx_word' id='word_1_14' title='bbox 1693 227 1775 265; x_wconf 82' lang='lat' dir='ltr'>cap.</span> 
     </span>
     <span class='ocr_line' id='line_1_3' title="bbox 382 262 1774 317; baseline -0.001 -15"><span class='ocrx_word' id='word_1_15' title='bbox 382 280 448 317; x_wconf 72' lang='lat'>33.</span> <span class='ocrx_word' id='word_1_16' title='bbox 473 265 534 301; x_wconf 85' lang='lat' dir='ltr'>Sic</span> <span class='ocrx_word' id='word_1_17' title='bbox 557 265 653 302; x_wconf 85' lang='lat' dir='ltr'>enim</span> <span class='ocrx_word' id='word_1_18' title='bbox 676 263 728 300; x_wconf 88' lang='lat' dir='ltr'>ibi</span> <span class='ocrx_word' id='word_1_19' title='bbox 753 262 796 299; x_wconf 86' lang='lat' dir='ltr'>de</span> <span class='ocrx_word' id='word_1_20' title='bbox 820 262 1003 311; x_wconf 82' lang='lat' dir='ltr'>phoenice.</span> <span class='ocrx_word' id='word_1_21' title='bbox 1039 265 1119 298; x_wconf 80' lang='lat' dir='ltr'>Cum</span> <span class='ocrx_word' id='word_1_22' title='bbox 1145 265 1238 309; x_wconf 77' lang='lat' dir='ltr'>hujus</span> <span class='ocrx_word' id='word_1_23' title='bbox 1262 264 1335 298; x_wconf 65' lang='lat' dir='ltr'>vird</span> <span class='ocrx_word' id='word_1_24' title='bbox 1365 267 1474 311; x_wconf 79' lang='lat' dir='ltr'>magni</span> <span class='ocrx_word' id='word_1_25' title='bbox 1502 267 1579 299; x_wconf 82' lang='lat' dir='ltr'>anni</span> <span class='ocrx_word' id='word_1_26' title='bbox 1605 264 1676 309; x_wconf 78' lang='lat' dir='ltr'>fieri</span> <span class='ocrx_word' id='word_1_27' title='bbox 1700 279 1774 300; x_wconf 83' lang='lat' dir='ltr'>con-</span> 
     </span>
     <span class='ocr_line' id='line_1_4' title="bbox 381 313 1774 364; baseline -0.001 -12"><span class='ocrx_word' id='word_1_28' title='bbox 381 316 576 364; x_wconf 58' lang='lat' dir='ltr'>vetfionetrz,</span> <span class='ocrx_word' id='word_1_29' title='bbox 605 326 678 350; x_wconf 83' lang='lat' dir='ltr'>rata</span> <span class='ocrx_word' id='word_1_30' title='bbox 693 313 780 361; x_wconf 84' lang='lat' dir='ltr'>fides</span> <span class='ocrx_word' id='word_1_31' title='bbox 807 313 849 360; x_wconf 82' lang='lat' dir='ltr'>est</span> <span class='ocrx_word' id='word_1_32' title='bbox 873 317 955 348; x_wconf 74' lang='lat' dir='ltr'>inter</span> <span class='ocrx_word' id='word_1_33' title='bbox 977 315 1145 348; x_wconf 55' lang='lat' dir='ltr'>aridiores:</span> <span class='ocrx_word' id='word_1_34' title='bbox 1170 314 1243 347; x_wconf 67' lang='lat' dir='ltr'>lice:</span> <span class='ocrx_word' id='word_1_35' title='bbox 1260 314 1395 358; x_wconf 79' lang='lat' dir='ltr'><strong><em>plurimi</em></strong></span> <span class='ocrx_word' id='word_1_36' title='bbox 1420 327 1524 348; x_wconf 80' lang='lat' dir='ltr'>eorum</span> <span class='ocrx_word' id='word_1_37' title='bbox 1549 327 1699 362; x_wconf 74' lang='lat' dir='ltr'>magnum</span> <span class='ocrx_word' id='word_1_38' title='bbox 1719 329 1774 350; x_wconf 79' lang='lat' dir='ltr'>an-</span> 
     </span>
     <span class='ocr_line' id='line_1_5' title="bbox 381 362 1772 415; baseline -0.005 -14"><span class='ocrx_word' id='word_1_39' title='bbox 381 380 459 402; x_wconf 79' lang='lat' dir='ltr'>num</span> <span class='ocrx_word' id='word_1_40' title='bbox 481 379 543 401; x_wconf 84' lang='lat' dir='ltr'>non</span> <span class='ocrx_word' id='word_1_41' title='bbox 568 366 747 414; x_wconf 75' lang='lat' dir='ltr'><em>quingentis</em></span> <span class='ocrx_word' id='word_1_42' title='bbox 773 363 809 398; x_wconf 69' lang='lat' dir='ltr'>&amp;r</span> <span class='ocrx_word' id='word_1_43' title='bbox 826 364 1042 411; x_wconf 75' lang='lat' dir='ltr'>quadraginta</span> <span class='ocrx_word' id='word_1_44' title='bbox 1058 390 1067 405; x_wconf 91' lang='lat'>,</span> <span class='ocrx_word' id='word_1_45' title='bbox 1091 363 1149 409; x_wconf 81' lang='lat' dir='ltr'>sed</span> <span class='ocrx_word' id='word_1_46' title='bbox 1165 362 1325 397; x_wconf 84' lang='lat' dir='ltr'><em>duodecim</em></span> <span class='ocrx_word' id='word_1_47' title='bbox 1345 363 1485 398; x_wconf 77' lang='lat' dir='ltr'>millibus</span> <span class='ocrx_word' id='word_1_48' title='bbox 1503 368 1667 411; x_wconf 77' lang='lat' dir='ltr'><em>nongentis</em></span> <span class='ocrx_word' id='word_1_49' title='bbox 1683 369 1772 415; x_wconf 75' lang='lat' dir='ltr'>quin.</span> 
     </span>
     <span class='ocr_line' id='line_1_6' title="bbox 381 413 1121 467; baseline -0.005 -15"><span class='ocrx_word' id='word_1_50' title='bbox 381 419 538 467; x_wconf 79' lang='lat' dir='ltr'><em>quaginta</em></span> <span class='ocrx_word' id='word_1_51' title='bbox 562 427 697 463; x_wconf 77' lang='lat' dir='ltr'>quatuor</span> <span class='ocrx_word' id='word_1_52' title='bbox 721 415 813 448; x_wconf 78' lang='lat' dir='ltr'>annis</span> <span class='ocrx_word' id='word_1_53' title='bbox 836 413 974 458; x_wconf 70' lang='lat' dir='ltr'>constare</span> <span class='ocrx_word' id='word_1_54' title='bbox 1003 413 1121 448; x_wconf 79' lang='lat' dir='ltr'>dicant.</span> 
     </span>
    </p>

    <p class='ocr_par' dir='ltr' id='par_1_3' title="bbox 379 461 1773 761">
     <span class='ocr_line' id='line_1_7' title="bbox 436 461 1773 511; baseline -0.001 -10"><span class='ocrx_word' id='word_1_55' title='bbox 436 465 534 502; x_wconf 87' lang='lat' dir='ltr'>Rudi</span> <span class='ocrx_word' id='word_1_56' title='bbox 558 475 676 500; x_wconf 89' lang='lat' dir='ltr'>autem</span> <span class='ocrx_word' id='word_1_57' title='bbox 695 463 814 499; x_wconf 88' lang='lat' dir='ltr'>adhuc</span> <span class='ocrx_word' id='word_1_58' title='bbox 837 461 1067 498; x_wconf 66' lang='lat' dir='ltr'>Astronomia</span> <span class='ocrx_word' id='word_1_59' title='bbox 1082 489 1092 505; x_wconf 93' lang='lat'>,</span> <span class='ocrx_word' id='word_1_60' title='bbox 1117 462 1215 497; x_wconf 86' lang='lat' dir='ltr'>varia</span> <span class='ocrx_word' id='word_1_61' title='bbox 1235 461 1333 497; x_wconf 87' lang='lat' dir='ltr'>fuere</span> <span class='ocrx_word' id='word_1_62' title='bbox 1357 462 1456 507; x_wconf 78' lang='lat' dir='ltr'>juxta</span> <span class='ocrx_word' id='word_1_63' title='bbox 1475 462 1595 498; x_wconf 86' lang='lat' dir='ltr'>varios</span> <span class='ocrx_word' id='word_1_64' title='bbox 1619 462 1773 511; x_wconf 89' lang='lat' dir='ltr'>scripto-</span> 
     </span>
     <span class='ocr_line' id='line_1_8' title="bbox 381 510 1772 563; baseline -0.004 -11"><span class='ocrx_word' id='word_1_65' title='bbox 381 528 436 553; x_wconf 83' lang='lat' dir='ltr'>res</span> <span class='ocrx_word' id='word_1_66' title='bbox 475 514 597 563; x_wconf 86' lang='lat' dir='ltr'>magni</span> <span class='ocrx_word' id='word_1_67' title='bbox 633 514 718 550; x_wconf 86' lang='lat' dir='ltr'>anni</span> <span class='ocrx_word' id='word_1_68' title='bbox 751 513 885 561; x_wconf 88' lang='lat' dir='ltr'>spatia,</span> <span class='ocrx_word' id='word_1_69' title='bbox 925 524 1004 562; x_wconf 65' lang='lat' dir='ltr'>quse</span> <span class='ocrx_word' id='word_1_70' title='bbox 1029 511 1112 547; x_wconf 87' lang='lat' dir='ltr'>vide</span> <span class='ocrx_word' id='word_1_71' title='bbox 1137 512 1233 560; x_wconf 84' lang='lat' dir='ltr'>apud</span> <span class='ocrx_word' id='word_1_72' title='bbox 1263 510 1444 555; x_wconf 83' lang='lat' dir='ltr'>Riccioli,</span> <span class='ocrx_word' id='word_1_73' title='bbox 1474 511 1661 561; x_wconf 86' lang='lat' dir='ltr'>Almagest.</span> <span class='ocrx_word' id='word_1_74' title='bbox 1690 511 1772 556; x_wconf 84' lang='lat'>111,</span> 
     </span>
     <span class='ocr_line' id='line_1_9' title="bbox 379 561 1768 614; baseline -0.003 -12"><span class='ocrx_word' id='word_1_75' title='bbox 379 578 447 614; x_wconf 68' lang='lat'>⁴13.</span> <span class='ocrx_word' id='word_1_76' title='bbox 473 566 582 601; x_wconf 90' lang='lat' dir='ltr'>Tom.</span> <span class='ocrx_word' id='word_1_77' title='bbox 604 563 633 601; x_wconf 94' lang='grc' dir='ltr'>Ι.</span> <span class='ocrx_word' id='word_1_78' title='bbox 657 576 738 613; x_wconf 85' lang='lat' dir='ltr'>pag.</span> <span class='ocrx_word' id='word_1_79' title='bbox 770 575 855 608; x_wconf 78' lang='lat'>130.</span> <span class='ocrx_word' id='word_1_80' title='bbox 883 565 916 598; x_wconf 90' lang='lat'>&amp;</span> <span class='ocrx_word' id='word_1_81' title='bbox 942 561 1039 610; x_wconf 84' lang='lat' dir='ltr'>apud</span> <span class='ocrx_word' id='word_1_82' title='bbox 1064 561 1330 604; x_wconf 87' lang='lat' dir='ltr'>Matshamum,</span> <span class='ocrx_word' id='word_1_83' title='bbox 1363 561 1494 597; x_wconf 90' lang='lat' dir='ltr'>Canon</span> <span class='ocrx_word' id='word_1_84' title='bbox 1519 563 1667 611; x_wconf 75' lang='lat' dir='ltr'>AEgypr.</span> <span class='ocrx_word' id='word_1_85' title='bbox 1685 575 1768 611; x_wconf 84' lang='lat' dir='ltr'>pag.</span> 
     </span>
     <span class='ocr_line' id='line_1_10' title="bbox 379 610 1773 664; baseline -0.002 -13"><span class='ocrx_word' id='word_1_86' title='bbox 379 630 417 664; x_wconf 86' lang='lat'>9.</span> <span class='ocrx_word' id='word_1_87' title='bbox 442 616 484 651; x_wconf 88' lang='lat' dir='ltr'>In</span> <span class='ocrx_word' id='word_1_88' title='bbox 504 615 573 651; x_wconf 87' lang='lat' dir='ltr'>hac</span> <span class='ocrx_word' id='word_1_89' title='bbox 590 615 725 659; x_wconf 72' lang='lat' dir='ltr'>majore</span> <span class='ocrx_word' id='word_1_90' title='bbox 747 612 988 648; x_wconf 80' lang='lat' dir='ltr'>Astronomiae</span> <span class='ocrx_word' id='word_1_91' title='bbox 1011 611 1091 647; x_wconf 89' lang='lat' dir='ltr'>luce</span> <span class='ocrx_word' id='word_1_92' title='bbox 1111 611 1274 647; x_wconf 88' lang='lat' dir='ltr'>nondum</span> <span class='ocrx_word' id='word_1_93' title='bbox 1300 610 1530 647; x_wconf 87' lang='lat' dir='ltr'>consentiunt</span> <span class='ocrx_word' id='word_1_94' title='bbox 1550 611 1773 648; x_wconf 78' lang='lat' dir='ltr'>Astronomi.</span> 
     </span>
     <span class='ocr_line' id='line_1_11' title="bbox 381 660 1770 716; baseline -0.002 -14"><span class='ocrx_word' id='word_1_95' title='bbox 381 667 555 716; x_wconf 81' lang='lat' dir='ltr'>Magnum</span> <span class='ocrx_word' id='word_1_96' title='bbox 578 666 673 700; x_wconf 89' lang='lat' dir='ltr'>enim</span> <span class='ocrx_word' id='word_1_97' title='bbox 700 675 832 699; x_wconf 90' lang='lat' dir='ltr'>annum</span> <span class='ocrx_word' id='word_1_98' title='bbox 861 661 1019 698; x_wconf 85' lang='lat' dir='ltr'>Riccioli</span> <span class='ocrx_word' id='word_1_99' title='bbox 1043 661 1169 698; x_wconf 86' lang='lat' dir='ltr'>definit</span> <span class='ocrx_word' id='word_1_100' title='bbox 1192 660 1294 697; x_wconf 85' lang='lat' dir='ltr'>annis</span> <span class='ocrx_word' id='word_1_101' title='bbox 1323 673 1464 709; x_wconf 80' lang='lat'>25920.</span> <span class='ocrx_word' id='word_1_102' title='bbox 1489 661 1623 710; x_wconf 90' lang='lat' dir='ltr'>Tycho</span> <span class='ocrx_word' id='word_1_103' title='bbox 1653 661 1770 699; x_wconf 84' lang='lat' dir='ltr'>Brahe</span> 
     </span>
     <span class='ocr_line' id='line_1_12' title="bbox 379 712 1095 761; baseline -0.006 -9"><span class='ocrx_word' id='word_1_104' title='bbox 379 716 484 752; x_wconf 80' lang='lat' dir='ltr'>annis</span> <span class='ocrx_word' id='word_1_105' title='bbox 507 714 647 761; x_wconf 83' lang='lat'>25816.</span> <span class='ocrx_word' id='word_1_106' title='bbox 671 713 801 748; x_wconf 85' lang='lat' dir='ltr'>Caffini</span> <span class='ocrx_word' id='word_1_107' title='bbox 826 712 927 747; x_wconf 88' lang='lat' dir='ltr'>annis</span> <span class='ocrx_word' id='word_1_108' title='bbox 952 714 1095 760; x_wconf 72' lang='lat'>24800.</span> 
     </span>
    </p>

    <p class='ocr_par' dir='ltr' id='par_1_4' title="bbox 373 761 1772 2412">
     <span class='ocr_line' id='line_1_13' title="bbox 431 761 1772 812; baseline -0.004 -10"><span class='ocrx_word' id='word_1_109' title='bbox 431 766 532 802; x_wconf 82' lang='lat' dir='ltr'>Huic</span> <span class='ocrx_word' id='word_1_110' title='bbox 568 775 706 812; x_wconf 56' lang='lat' dir='ltr'>magnae</span> <span class='ocrx_word' id='word_1_111' title='bbox 744 774 919 797; x_wconf 88' lang='lat' dir='ltr'>annorum</span> <span class='ocrx_word' id='word_1_112' title='bbox 954 761 1208 805; x_wconf 77' lang='lat' dir='ltr'>conversioni,</span> <span class='ocrx_word' id='word_1_113' title='bbox 1246 761 1518 800; x_wconf 81' lang='lat' dir='ltr'>Platonicorum</span> <span class='ocrx_word' id='word_1_114' title='bbox 1557 762 1772 800; x_wconf 81' lang='lat' dir='ltr'>commentis</span> 
     </span>
     <span class='ocr_line' id='line_1_14' title="bbox 381 811 1771 862; baseline -0.004 -10"><span class='ocrx_word' id='word_1_115' title='bbox 381 814 659 852; x_wconf 74' lang='lat' dir='ltr'>celebratiffimae</span> <span class='ocrx_word' id='word_1_116' title='bbox 673 841 682 856; x_wconf 89' lang='lat'>,</span> <span class='ocrx_word' id='word_1_117' title='bbox 710 812 838 847; x_wconf 88' lang='lat' dir='ltr'>famam</span> <span class='ocrx_word' id='word_1_118' title='bbox 856 811 997 847; x_wconf 70' lang='lat' dir='ltr'>addidit</span> <span class='ocrx_word' id='word_1_119' title='bbox 1015 813 1153 862; x_wconf 79' lang='lat' dir='ltr'>inquies</span> <span class='ocrx_word' id='word_1_120' title='bbox 1170 812 1378 848; x_wconf 83' lang='lat' dir='ltr'>mortalium</span> <span class='ocrx_word' id='word_1_121' title='bbox 1396 814 1532 849; x_wconf 84' lang='lat' dir='ltr'>animus</span> <span class='ocrx_word' id='word_1_122' title='bbox 1546 841 1554 856; x_wconf 92' lang='lat'>,</span> <span class='ocrx_word' id='word_1_123' title='bbox 1584 813 1668 849; x_wconf 88' lang='lat' dir='ltr'>dum</span> <span class='ocrx_word' id='word_1_124' title='bbox 1685 824 1771 861; x_wconf 82' lang='lat' dir='ltr'>prae-</span> 
     </span>
     <span class='ocr_line' id='line_1_15' title="bbox 380 861 1771 912; baseline -0.004 -10"><span class='ocrx_word' id='word_1_125' title='bbox 380 866 485 902; x_wconf 86' lang='lat' dir='ltr'>terita</span> <span class='ocrx_word' id='word_1_126' title='bbox 510 863 630 899; x_wconf 82' lang='lat' dir='ltr'>laudat</span> <span class='ocrx_word' id='word_1_127' title='bbox 670 874 833 911; x_wconf 80' lang='lat' dir='ltr'>tempora</span> <span class='ocrx_word' id='word_1_128' title='bbox 850 890 858 905; x_wconf 91' lang='lat'>‚</span> <span class='ocrx_word' id='word_1_129' title='bbox 901 862 1088 911; x_wconf 72' lang='lat' dir='ltr'>praesentia</span> <span class='ocrx_word' id='word_1_130' title='bbox 1124 861 1278 906; x_wconf 85' lang='lat' dir='ltr'>fastidit,</span> <span class='ocrx_word' id='word_1_131' title='bbox 1310 862 1426 898; x_wconf 87' lang='lat' dir='ltr'>fututa</span> <span class='ocrx_word' id='word_1_132' title='bbox 1453 874 1557 912; x_wconf 88' lang='lat' dir='ltr'>optat</span> <span class='ocrx_word' id='word_1_133' title='bbox 1583 863 1771 911; x_wconf 71' lang='lat' dir='ltr'>speratque</span> 
     </span>
     <span class='ocr_line' id='line_1_16' title="bbox 379 912 1770 964; baseline -0.003 -12"><span class='ocrx_word' id='word_1_134' title='bbox 379 917 514 964; x_wconf 78' lang='lat' dir='ltr'>semper</span> <span class='ocrx_word' id='word_1_135' title='bbox 533 913 695 949; x_wconf 80' lang='lat' dir='ltr'>meliora.</span> <span class='ocrx_word' id='word_1_136' title='bbox 717 914 772 949; x_wconf 95' lang='lat' dir='ltr'>De</span> <span class='ocrx_word' id='word_1_137' title='bbox 795 925 927 961; x_wconf 82' lang='lat' dir='ltr'>magno</span> <span class='ocrx_word' id='word_1_138' title='bbox 946 925 1042 949; x_wconf 89' lang='lat' dir='ltr'>anno</span> <span class='ocrx_word' id='word_1_139' title='bbox 1062 912 1165 961; x_wconf 85' lang='lat' dir='ltr'>plura</span> <span class='ocrx_word' id='word_1_140' title='bbox 1182 925 1257 948; x_wconf 89' lang='lat' dir='ltr'>non</span> <span class='ocrx_word' id='word_1_141' title='bbox 1275 913 1474 949; x_wconf 80' lang='lat' dir='ltr'>addiderim</span> <span class='ocrx_word' id='word_1_142' title='bbox 1487 941 1495 956; x_wconf 91' lang='lat'>,</span> <span class='ocrx_word' id='word_1_143' title='bbox 1514 913 1666 948; x_wconf 75' lang='lat' dir='ltr'>maxime</span> <span class='ocrx_word' id='word_1_144' title='bbox 1685 912 1770 948; x_wconf 80' lang='lat' dir='ltr'>cum</span> 
     </span>
     <span class='ocr_line' id='line_1_17' title="bbox 379 962 1771 1007; baseline -0.004 -5"><span class='ocrx_word' id='word_1_145' title='bbox 379 967 473 1002; x_wconf 85' lang='lat' dir='ltr'>hanc</span> <span class='ocrx_word' id='word_1_146' title='bbox 494 964 676 1000; x_wconf 79' lang='lat' dir='ltr'>materiam</span> <span class='ocrx_word' id='word_1_147' title='bbox 697 963 836 999; x_wconf 72' lang='lat' dir='ltr'>erudite</span> <span class='ocrx_word' id='word_1_148' title='bbox 856 963 1057 999; x_wconf 54' lang='lat' dir='ltr'>tractaverit</span> <span class='ocrx_word' id='word_1_149' title='bbox 1080 963 1135 998; x_wconf 83' lang='lat' dir='ltr'>Cl.</span> <span class='ocrx_word' id='word_1_150' title='bbox 1161 962 1203 998; x_wconf 91' lang='lat' dir='ltr'>de</span> <span class='ocrx_word' id='word_1_151' title='bbox 1227 962 1261 997; x_wconf 85' lang='lat' dir='ltr'>la</span> <span class='ocrx_word' id='word_1_152' title='bbox 1280 962 1426 1007; x_wconf 85' lang='lat' dir='ltr'>Nauze,</span> <span class='ocrx_word' id='word_1_153' title='bbox 1449 965 1618 998; x_wconf 81' lang='lat' dir='ltr'>Me&#39;moires</span> <span class='ocrx_word' id='word_1_154' title='bbox 1637 963 1674 997; x_wconf 84' lang='lat' dir='ltr'>de</span> <span class='ocrx_word' id='word_1_155' title='bbox 1694 964 1771 997; x_wconf 77' lang='grc' dir='ltr'>[Ἀ-</span> 
     </span>
     <span class='ocr_line' id='line_1_18' title="bbox 379 1011 1771 1063; baseline -0.002 -12"><span class='ocrx_word' id='word_1_156' title='bbox 379 1017 516 1051; x_wconf 67' lang='lat' dir='ltr'>cademie</span> <span class='ocrx_word' id='word_1_157' title='bbox 551 1015 673 1062; x_wconf 81' lang='lat' dir='ltr'>Royale</span> <span class='ocrx_word' id='word_1_158' title='bbox 706 1014 756 1048; x_wconf 79' lang='lat' dir='ltr'>des</span> <span class='ocrx_word' id='word_1_159' title='bbox 784 1014 1007 1060; x_wconf 79' lang='lat' dir='ltr'>Inscriptions,</span> <span class='ocrx_word' id='word_1_160' title='bbox 1036 1013 1146 1050; x_wconf 89' lang='lat' dir='ltr'>Tom.</span> <span class='ocrx_word' id='word_1_161' title='bbox 1180 1012 1301 1048; x_wconf 85' lang='lat' dir='ltr'>XXII.</span> <span class='ocrx_word' id='word_1_162' title='bbox 1339 1026 1421 1062; x_wconf 86' lang='lat' dir='ltr'>pag.</span> <span class='ocrx_word' id='word_1_163' title='bbox 1450 1015 1498 1049; x_wconf 82' lang='lat'>82</span> <span class='ocrx_word' id='word_1_164' title='bbox 1530 1015 1562 1048; x_wconf 69' lang='grc' dir='ltr'>δε</span> <span class='ocrx_word' id='word_1_165' title='bbox 1599 1013 1695 1063; x_wconf 83' lang='lat' dir='ltr'>seqq.</span> <span class='ocrx_word' id='word_1_166' title='bbox 1727 1011 1771 1048; x_wconf 90' lang='lat' dir='ltr'>Id</span> 
     </span>
     <span class='ocr_line' id='line_1_19' title="bbox 380 1063 1770 1112; baseline -0.001 -11"><span class='ocrx_word' id='word_1_167' title='bbox 380 1078 492 1101; x_wconf 88' lang='lat' dir='ltr'>unum</span> <span class='ocrx_word' id='word_1_168' title='bbox 516 1063 810 1106; x_wconf 84' lang='lat' dir='ltr'>memoraverim,</span> <span class='ocrx_word' id='word_1_169' title='bbox 840 1063 940 1112; x_wconf 88' lang='lat' dir='ltr'>quod</span> <span class='ocrx_word' id='word_1_170' title='bbox 963 1076 1039 1099; x_wconf 87' lang='lat' dir='ltr'>non</span> <span class='ocrx_word' id='word_1_171' title='bbox 1073 1063 1122 1098; x_wconf 81' lang='lat' dir='ltr'>ita</span> <span class='ocrx_word' id='word_1_172' title='bbox 1154 1074 1392 1110; x_wconf 86' lang='lat' dir='ltr'>compertum.</span> <span class='ocrx_word' id='word_1_173' title='bbox 1417 1063 1591 1112; x_wconf 83' lang='lat' dir='ltr'>Magnum</span> <span class='ocrx_word' id='word_1_174' title='bbox 1623 1074 1770 1111; x_wconf 81' lang='lat' dir='ltr'>quoque</span> 
     </span>
     <span class='ocr_line' id='line_1_20' title="bbox 379 1112 1770 1162; baseline -0.002 -12"><span class='ocrx_word' id='word_1_175' title='bbox 379 1128 515 1150; x_wconf 83' lang='lat' dir='ltr'>annum</span> <span class='ocrx_word' id='word_1_176' title='bbox 540 1115 673 1150; x_wconf 85' lang='lat' dir='ltr'>habent</span> <span class='ocrx_word' id='word_1_177' title='bbox 698 1112 880 1155; x_wconf 78' lang='lat' dir='ltr'>Sinenses,</span> <span class='ocrx_word' id='word_1_178' title='bbox 902 1113 985 1148; x_wconf 77' lang='lat' dir='ltr'>cum</span> <span class='ocrx_word' id='word_1_179' title='bbox 1009 1114 1277 1162; x_wconf 77' lang='lat' dir='ltr'>conjunguntur</span> <span class='ocrx_word' id='word_1_180' title='bbox 1300 1112 1462 1161; x_wconf 74' lang='lat' dir='ltr'>planetae.</span> <span class='ocrx_word' id='word_1_181' title='bbox 1485 1114 1621 1149; x_wconf 85' lang='lat' dir='ltr'>Recens</span> <span class='ocrx_word' id='word_1_182' title='bbox 1641 1113 1770 1148; x_wconf 82' lang='lat' dir='ltr'>inven-</span> 
     </span>
     <span class='ocr_line' id='line_1_21' title="bbox 378 1162 1771 1212; baseline -0.003 -11"><span class='ocrx_word' id='word_1_183' title='bbox 378 1176 455 1201; x_wconf 88' lang='lat' dir='ltr'>tum</span> <span class='ocrx_word' id='word_1_184' title='bbox 471 1193 481 1209; x_wconf 85' lang='lat'>‚</span> <span class='ocrx_word' id='word_1_185' title='bbox 509 1177 576 1200; x_wconf 87' lang='lat' dir='ltr'>nec</span> <span class='ocrx_word' id='word_1_186' title='bbox 596 1163 804 1212; x_wconf 86' lang='lat' dir='ltr'>usurpatum</span> <span class='ocrx_word' id='word_1_187' title='bbox 828 1174 910 1199; x_wconf 87' lang='lat' dir='ltr'>ante</span> <span class='ocrx_word' id='word_1_188' title='bbox 947 1162 1157 1211; x_wconf 76' lang='lat' dir='ltr'>Dynastiam</span> <span class='ocrx_word' id='word_1_189' title='bbox 1183 1162 1390 1212; x_wconf 85' lang='lat' dir='ltr'>Principum</span> <span class='ocrx_word' id='word_1_190' title='bbox 1425 1165 1524 1205; x_wconf 85' lang='lat' dir='ltr'>Han,</span> <span class='ocrx_word' id='word_1_191' title='bbox 1551 1175 1630 1211; x_wconf 67' lang='lat' dir='ltr'>quse</span> <span class='ocrx_word' id='word_1_192' title='bbox 1652 1162 1771 1210; x_wconf 85' lang='lat' dir='ltr'>impe-</span> 
     </span>
     <span class='ocr_line' id='line_1_22' title="bbox 377 1211 1769 1263; baseline -0.003 -12"><span class='ocrx_word' id='word_1_193' title='bbox 377 1228 455 1252; x_wconf 87' lang='lat' dir='ltr'>rare</span> <span class='ocrx_word' id='word_1_194' title='bbox 485 1214 599 1263; x_wconf 84' lang='lat' dir='ltr'>coepit</span> <span class='ocrx_word' id='word_1_195' title='bbox 623 1227 719 1249; x_wconf 89' lang='lat' dir='ltr'>anno</span> <span class='ocrx_word' id='word_1_196' title='bbox 749 1224 821 1263; x_wconf 87' lang='lat'>205</span> <span class='ocrx_word' id='word_1_197' title='bbox 850 1223 931 1249; x_wconf 89' lang='lat' dir='ltr'>ante</span> <span class='ocrx_word' id='word_1_198' title='bbox 957 1213 1073 1250; x_wconf 87' lang='lat' dir='ltr'>Jesum</span> <span class='ocrx_word' id='word_1_199' title='bbox 1097 1212 1286 1249; x_wconf 87' lang='lat' dir='ltr'>Christum.</span> <span class='ocrx_word' id='word_1_200' title='bbox 1318 1212 1397 1249; x_wconf 90' lang='lat' dir='ltr'>Nec</span> <span class='ocrx_word' id='word_1_201' title='bbox 1426 1212 1648 1248; x_wconf 88' lang='lat' dir='ltr'>constantem</span> <span class='ocrx_word' id='word_1_202' title='bbox 1673 1211 1769 1260; x_wconf 83' lang='lat' dir='ltr'>apud</span> 
     </span>
     <span class='ocr_line' id='line_1_23' title="bbox 379 1262 1769 1313; baseline -0.004 -11"><span class='ocrx_word' id='word_1_203' title='bbox 379 1278 444 1303; x_wconf 83' lang='lat' dir='ltr'>eos</span> <span class='ocrx_word' id='word_1_204' title='bbox 466 1265 532 1302; x_wconf 85' lang='lat' dir='ltr'>esse</span> <span class='ocrx_word' id='word_1_205' title='bbox 554 1264 676 1313; x_wconf 80' lang='lat' dir='ltr'>magni</span> <span class='ocrx_word' id='word_1_206' title='bbox 699 1263 794 1299; x_wconf 87' lang='lat' dir='ltr'>illius</span> <span class='ocrx_word' id='word_1_207' title='bbox 816 1263 901 1298; x_wconf 86' lang='lat' dir='ltr'>anni</span> <span class='ocrx_word' id='word_1_208' title='bbox 920 1262 1145 1299; x_wconf 82' lang='lat' dir='ltr'>durationem</span> <span class='ocrx_word' id='word_1_209' title='bbox 1161 1290 1170 1306; x_wconf 98' lang='lat'>,</span> <span class='ocrx_word' id='word_1_210' title='bbox 1197 1263 1271 1298; x_wconf 90' lang='lat' dir='ltr'>hoc</span> <span class='ocrx_word' id='word_1_211' title='bbox 1293 1262 1427 1299; x_wconf 77' lang='lat' dir='ltr'>saeculo</span> <span class='ocrx_word' id='word_1_212' title='bbox 1453 1262 1638 1298; x_wconf 79' lang='lat' dir='ltr'>certissime</span> <span class='ocrx_word' id='word_1_213' title='bbox 1663 1274 1769 1298; x_wconf 90' lang='lat' dir='ltr'>com-</span> 
     </span>
     <span class='ocr_line' id='line_1_24' title="bbox 379 1311 1770 1364; baseline -0.003 -13"><span class='ocrx_word' id='word_1_214' title='bbox 379 1326 520 1364; x_wconf 87' lang='lat' dir='ltr'>pertum</span> <span class='ocrx_word' id='word_1_215' title='bbox 544 1314 742 1349; x_wconf 80' lang='lat' dir='ltr'>habuimus.</span> <span class='ocrx_word' id='word_1_216' title='bbox 762 1313 903 1362; x_wconf 87' lang='lat' dir='ltr'>Nempe</span> <span class='ocrx_word' id='word_1_217' title='bbox 919 1341 928 1356; x_wconf 89' lang='lat'>,</span> <span class='ocrx_word' id='word_1_218' title='bbox 953 1313 1005 1349; x_wconf 82' lang='lat' dir='ltr'>uti</span> <span class='ocrx_word' id='word_1_219' title='bbox 1030 1313 1232 1361; x_wconf 87' lang='lat' dir='ltr'>accepimus</span> <span class='ocrx_word' id='word_1_220' title='bbox 1254 1326 1296 1349; x_wconf 83' lang='lat' dir='ltr'>ex</span> <span class='ocrx_word' id='word_1_221' title='bbox 1320 1312 1430 1349; x_wconf 87' lang='lat' dir='ltr'>literis</span> <span class='ocrx_word' id='word_1_222' title='bbox 1447 1312 1524 1348; x_wconf 90' lang='lat' dir='ltr'>Mss.</span> <span class='ocrx_word' id='word_1_223' title='bbox 1545 1311 1656 1347; x_wconf 86' lang='lat' dir='ltr'>Patris</span> <span class='ocrx_word' id='word_1_224' title='bbox 1672 1314 1770 1347; x_wconf 88' lang='lat' dir='ltr'>Gau-</span> 
     </span>
     <span class='ocr_line' id='line_1_25' title="bbox 379 1361 1768 1411; baseline -0.002 -11"><span class='ocrx_word' id='word_1_225' title='bbox 379 1365 433 1401; x_wconf 86' lang='lat' dir='ltr'>bil</span> <span class='ocrx_word' id='word_1_226' title='bbox 457 1367 540 1400; x_wconf 89' lang='lat' dir='ltr'>Soc.</span> <span class='ocrx_word' id='word_1_227' title='bbox 568 1363 648 1400; x_wconf 87' lang='lat' dir='ltr'>Jesu</span> <span class='ocrx_word' id='word_1_228' title='bbox 672 1363 715 1398; x_wconf 88' lang='lat' dir='ltr'>ab</span> <span class='ocrx_word' id='word_1_229' title='bbox 740 1363 826 1400; x_wconf 89' lang='lat' dir='ltr'>urbe</span> <span class='ocrx_word' id='word_1_230' title='bbox 849 1363 970 1411; x_wconf 74' lang='lat' dir='ltr'>Pekitzg</span> <span class='ocrx_word' id='word_1_231' title='bbox 994 1391 1003 1407; x_wconf 84' lang='lat'>,</span> <span class='ocrx_word' id='word_1_232' title='bbox 1039 1363 1097 1399; x_wconf 84' lang='lat' dir='ltr'>die</span> <span class='ocrx_word' id='word_1_233' title='bbox 1123 1374 1169 1409; x_wconf 78' lang='lat'>25</span> <span class='ocrx_word' id='word_1_234' title='bbox 1200 1362 1368 1399; x_wconf 63' lang='lat' dir='ltr'>Octobris</span> <span class='ocrx_word' id='word_1_235' title='bbox 1387 1390 1397 1406; x_wconf 89' lang='lat'>,</span> <span class='ocrx_word' id='word_1_236' title='bbox 1437 1375 1533 1398; x_wconf 91' lang='lat' dir='ltr'>anno</span> <span class='ocrx_word' id='word_1_237' title='bbox 1568 1374 1660 1410; x_wconf 85' lang='lat'><em>1725</em></span> <span class='ocrx_word' id='word_1_238' title='bbox 1683 1389 1692 1404; x_wconf 90' lang='lat'>,</span> <span class='ocrx_word' id='word_1_239' title='bbox 1721 1361 1768 1398; x_wconf 87' lang='lat' dir='ltr'>ad</span> 
     </span>
     <span class='ocr_line' id='line_1_26' title="bbox 379 1411 1768 1461; baseline -0.003 -10"><span class='ocrx_word' id='word_1_240' title='bbox 379 1415 519 1452; x_wconf 83' lang='lat' dir='ltr'>Patrem</span> <span class='ocrx_word' id='word_1_241' title='bbox 551 1414 699 1450; x_wconf 84' lang='lat' dir='ltr'>Souciet</span> <span class='ocrx_word' id='word_1_242' title='bbox 735 1413 873 1461; x_wconf 86' lang='lat' dir='ltr'>scriptis</span> <span class='ocrx_word' id='word_1_243' title='bbox 896 1441 905 1457; x_wconf 92' lang='lat'>‚</span> <span class='ocrx_word' id='word_1_244' title='bbox 942 1413 1023 1449; x_wconf 74' lang='lat' dir='ltr'>cum</span> <span class='ocrx_word' id='word_1_245' title='bbox 1051 1412 1214 1460; x_wconf 83' lang='lat' dir='ltr'>Jupiter,</span> <span class='ocrx_word' id='word_1_246' title='bbox 1245 1413 1340 1448; x_wconf 85' lang='lat' dir='ltr'>Mars</span> <span class='ocrx_word' id='word_1_247' title='bbox 1357 1441 1366 1455; x_wconf 92' lang='lat'>,</span> <span class='ocrx_word' id='word_1_248' title='bbox 1396 1414 1542 1453; x_wconf 89' lang='lat' dir='ltr'>Venus,</span> <span class='ocrx_word' id='word_1_249' title='bbox 1570 1411 1768 1448; x_wconf 81' lang='lat' dir='ltr'>Mercurius</span> 
     </span>
     <span class='ocr_line' id='line_1_27' title="bbox 378 1461 1768 1512; baseline -0.004 -11"><span class='ocrx_word' id='word_1_250' title='bbox 378 1465 498 1501; x_wconf 86' lang='lat' dir='ltr'>mense</span> <span class='ocrx_word' id='word_1_251' title='bbox 534 1464 692 1507; x_wconf 84' lang='lat' dir='ltr'>Mattio,</span> <span class='ocrx_word' id='word_1_252' title='bbox 726 1475 822 1499; x_wconf 92' lang='lat' dir='ltr'>anno</span> <span class='ocrx_word' id='word_1_253' title='bbox 861 1475 957 1509; x_wconf 83' lang='lat'>1725</span> <span class='ocrx_word' id='word_1_254' title='bbox 977 1491 986 1506; x_wconf 94' lang='lat'>,</span> <span class='ocrx_word' id='word_1_255' title='bbox 1015 1462 1295 1512; x_wconf 73' lang='lat' dir='ltr'>proximassent,</span> <span class='ocrx_word' id='word_1_256' title='bbox 1326 1462 1487 1498; x_wconf 86' lang='lat' dir='ltr'>Sinenses</span> <span class='ocrx_word' id='word_1_257' title='bbox 1517 1461 1768 1498; x_wconf 83' lang='lat' dir='ltr'>Mathematici</span> 
     </span>
     <span class='ocr_line' id='line_1_28' title="bbox 377 1512 1768 1563; baseline -0.003 -13"><span class='ocrx_word' id='word_1_258' title='bbox 377 1514 493 1550; x_wconf 79' lang='lat' dir='ltr'>statim</span> <span class='ocrx_word' id='word_1_259' title='bbox 522 1513 728 1550; x_wconf 85' lang='lat' dir='ltr'>confinxere</span> <span class='ocrx_word' id='word_1_260' title='bbox 753 1513 941 1563; x_wconf 84' lang='lat' dir='ltr'>quamdam</span> <span class='ocrx_word' id='word_1_261' title='bbox 970 1513 1111 1548; x_wconf 84' lang='lat' dir='ltr'>Saturni</span> <span class='ocrx_word' id='word_1_262' title='bbox 1136 1512 1551 1562; x_wconf 82' lang='lat' dir='ltr'>appropinquationem,</span> <span class='ocrx_word' id='word_1_263' title='bbox 1570 1523 1768 1561; x_wconf 90' lang='lat' dir='ltr'>eorumque</span> 
     </span>
     <span class='ocr_line' id='line_1_29' title="bbox 379 1561 1769 1613; baseline -0.004 -11"><span class='ocrx_word' id='word_1_264' title='bbox 379 1577 462 1602; x_wconf 88' lang='lat' dir='ltr'>cum</span> <span class='ocrx_word' id='word_1_265' title='bbox 487 1564 571 1600; x_wconf 88' lang='lat' dir='ltr'>Sole</span> <span class='ocrx_word' id='word_1_266' title='bbox 599 1563 772 1613; x_wconf 74' lang='lat' dir='ltr'>Lunaque</span> <span class='ocrx_word' id='word_1_267' title='bbox 798 1563 1101 1610; x_wconf 69' lang='lat' dir='ltr'>conjunffionem.</span> <span class='ocrx_word' id='word_1_268' title='bbox 1124 1563 1215 1598; x_wconf 86' lang='lat' dir='ltr'>Mox</span> <span class='ocrx_word' id='word_1_269' title='bbox 1243 1563 1457 1611; x_wconf 87' lang='lat' dir='ltr'>Imperatori</span> <span class='ocrx_word' id='word_1_270' title='bbox 1483 1564 1691 1611; x_wconf 78' lang='lat' dir='ltr'>Yong-tching</span> <span class='ocrx_word' id='word_1_271' title='bbox 1721 1561 1769 1597; x_wconf 90' lang='lat' dir='ltr'>li·-</span> 
     </span>
     <span class='ocr_line' id='line_1_30' title="bbox 378 1612 1765 1663; baseline -0.001 -12"><span class='ocrx_word' id='word_1_272' title='bbox 378 1614 497 1651; x_wconf 86' lang='lat' dir='ltr'>bellos</span> <span class='ocrx_word' id='word_1_273' title='bbox 517 1613 698 1656; x_wconf 87' lang='lat' dir='ltr'>obtulere,</span> <span class='ocrx_word' id='word_1_274' title='bbox 720 1617 752 1649; x_wconf 72' lang='grc' dir='ltr'>δε</span> <span class='ocrx_word' id='word_1_275' title='bbox 770 1613 863 1649; x_wconf 89' lang='lat' dir='ltr'>hanc</span> <span class='ocrx_word' id='word_1_276' title='bbox 887 1613 1163 1649; x_wconf 85' lang='lat' dir='ltr'>renovationem</span> <span class='ocrx_word' id='word_1_277' title='bbox 1185 1613 1398 1649; x_wconf 76' lang='lat' dir='ltr'>saeculorum</span> <span class='ocrx_word' id='word_1_278' title='bbox 1424 1613 1456 1649; x_wconf 89' lang='lat' dir='ltr'>ei</span> <span class='ocrx_word' id='word_1_279' title='bbox 1482 1612 1650 1663; x_wconf 84' lang='lat' dir='ltr'>gratulati</span> <span class='ocrx_word' id='word_1_280' title='bbox 1672 1612 1765 1649; x_wconf 89' lang='lat' dir='ltr'>sunt.</span> 
     </span>
     <span class='ocr_line' id='line_1_31' title="bbox 377 1661 1766 1713; baseline -0.002 -12"><span class='ocrx_word' id='word_1_281' title='bbox 377 1665 463 1702; x_wconf 85' lang='lat' dir='ltr'>Hac</span> <span class='ocrx_word' id='word_1_282' title='bbox 487 1664 530 1700; x_wconf 90' lang='lat' dir='ltr'>de</span> <span class='ocrx_word' id='word_1_283' title='bbox 557 1677 593 1700; x_wconf 88' lang='lat' dir='ltr'>re</span> <span class='ocrx_word' id='word_1_284' title='bbox 618 1663 778 1711; x_wconf 84' lang='lat' dir='ltr'>publicas</span> <span class='ocrx_word' id='word_1_285' title='bbox 806 1676 951 1712; x_wconf 89' lang='lat' dir='ltr'>quoque</span> <span class='ocrx_word' id='word_1_286' title='bbox 977 1674 1183 1713; x_wconf 85' lang='lat' dir='ltr'>magnatum</span> <span class='ocrx_word' id='word_1_287' title='bbox 1209 1662 1466 1712; x_wconf 80' lang='lat' dir='ltr'>gratulationes</span> <span class='ocrx_word' id='word_1_288' title='bbox 1488 1663 1629 1711; x_wconf 84' lang='lat' dir='ltr'>excepit</span> <span class='ocrx_word' id='word_1_289' title='bbox 1647 1661 1766 1710; x_wconf 83' lang='lat' dir='ltr'>Impe-</span> 
     </span>
     <span class='ocr_line' id='line_1_32' title="bbox 377 1712 1765 1762; baseline -0.004 -11"><span class='ocrx_word' id='word_1_290' title='bbox 377 1725 487 1751; x_wconf 85' lang='lat' dir='ltr'>rator.</span> <span class='ocrx_word' id='word_1_291' title='bbox 505 1714 585 1762; x_wconf 83' lang='lat' dir='ltr'>Ipse</span> <span class='ocrx_word' id='word_1_292' title='bbox 603 1713 702 1749; x_wconf 87' lang='lat' dir='ltr'>illam</span> <span class='ocrx_word' id='word_1_293' title='bbox 726 1714 1016 1761; x_wconf 57' lang='lat' dir='ltr'>conjunctionem</span> <span class='ocrx_word' id='word_1_294' title='bbox 1041 1713 1109 1748; x_wconf 85' lang='lat' dir='ltr'>suis</span> <span class='ocrx_word' id='word_1_295' title='bbox 1134 1714 1171 1748; x_wconf 91' lang='lat' dir='ltr'>in</span> <span class='ocrx_word' id='word_1_296' title='bbox 1195 1713 1317 1749; x_wconf 71' lang='lat' dir='ltr'>ediffis</span> <span class='ocrx_word' id='word_1_297' title='bbox 1334 1713 1516 1762; x_wconf 72' lang='lat' dir='ltr'>saepissime</span> <span class='ocrx_word' id='word_1_298' title='bbox 1537 1712 1765 1761; x_wconf 84' lang='lat' dir='ltr'>publicavit;</span> 
     </span>
     <span class='ocr_line' id='line_1_33' title="bbox 378 1761 1765 1801; baseline -0.003 0"><span class='ocrx_word' id='word_1_299' title='bbox 378 1768 412 1801; x_wconf 68' lang='grc' dir='ltr'>δεῖ</span> <span class='ocrx_word' id='word_1_300' title='bbox 437 1764 593 1800; x_wconf 89' lang='lat' dir='ltr'>tribunal</span> <span class='ocrx_word' id='word_1_301' title='bbox 621 1763 917 1800; x_wconf 81' lang='lat' dir='ltr'>Mathematicum</span> <span class='ocrx_word' id='word_1_302' title='bbox 944 1764 980 1798; x_wconf 88' lang='lat' dir='ltr'>in</span> <span class='ocrx_word' id='word_1_303' title='bbox 1012 1763 1279 1800; x_wconf 82' lang='lat' dir='ltr'>memorialibus</span> <span class='ocrx_word' id='word_1_304' title='bbox 1312 1764 1380 1798; x_wconf 73' lang='lat' dir='ltr'>iuis</span> <span class='ocrx_word' id='word_1_305' title='bbox 1406 1762 1630 1798; x_wconf 86' lang='lat' dir='ltr'>historiarum</span> <span class='ocrx_word' id='word_1_306' title='bbox 1665 1761 1765 1797; x_wconf 84' lang='lat' dir='ltr'>libris</span> 
     </span>
     <span class='ocr_line' id='line_1_34' title="bbox 376 1811 1765 1863; baseline -0.002 -13"><span class='ocrx_word' id='word_1_307' title='bbox 376 1814 535 1863; x_wconf 82' lang='lat' dir='ltr'>scripsit:</span> <span class='ocrx_word' id='word_1_308' title='bbox 565 1831 586 1846; x_wconf 73' lang='lat' dir='ltr'>&lt;e</span> <span class='ocrx_word' id='word_1_309' title='bbox 603 1814 714 1849; x_wconf 90' lang='lat' dir='ltr'>Anno</span> <span class='ocrx_word' id='word_1_310' title='bbox 736 1814 842 1849; x_wconf 88' lang='lat' dir='ltr'>tertio</span> <span class='ocrx_word' id='word_1_311' title='bbox 865 1814 1095 1861; x_wconf 87' lang='lat' dir='ltr'>Imperatoris</span> <span class='ocrx_word' id='word_1_312' title='bbox 1116 1814 1348 1861; x_wconf 70' lang='lat' dir='ltr'>Yong-tchirzg‚</span> <span class='ocrx_word' id='word_1_313' title='bbox 1378 1812 1531 1849; x_wconf 77' lang='lat' dir='ltr'>secunda</span> <span class='ocrx_word' id='word_1_314' title='bbox 1554 1811 1674 1854; x_wconf 77' lang='lat' dir='ltr'>Luna,</span> <span class='ocrx_word' id='word_1_315' title='bbox 1696 1811 1765 1847; x_wconf 83' lang='lat' dir='ltr'>fuit</span> 
     </span>
     <span class='ocr_line' id='line_1_35' title="bbox 379 1861 1763 1913; baseline -0.004 -12"><span class='ocrx_word' id='word_1_316' title='bbox 379 1883 400 1897; x_wconf 70' lang='grc' dir='ltr'><strong>ω</strong></span> <span class='ocrx_word' id='word_1_317' title='bbox 416 1865 551 1913; x_wconf 85' lang='lat' dir='ltr'>septem</span> <span class='ocrx_word' id='word_1_318' title='bbox 577 1863 800 1912; x_wconf 83' lang='lat' dir='ltr'>planetarum</span> <span class='ocrx_word' id='word_1_319' title='bbox 829 1864 1038 1909; x_wconf 58' lang='lat' dir='ltr'>conjunftio</span> <span class='ocrx_word' id='word_1_320' title='bbox 1065 1881 1097 1898; x_wconf 69' lang='grc' dir='ltr'>υ.</span> <span class='ocrx_word' id='word_1_321' title='bbox 1130 1862 1232 1899; x_wconf 80' lang='lat' dir='ltr'>Pater</span> <span class='ocrx_word' id='word_1_322' title='bbox 1270 1863 1425 1912; x_wconf 82' lang='lat' dir='ltr'>Kegler‚</span> <span class='ocrx_word' id='word_1_323' title='bbox 1455 1861 1645 1898; x_wconf 80' lang='lat' dir='ltr'>Societatis</span> <span class='ocrx_word' id='word_1_324' title='bbox 1680 1861 1763 1899; x_wconf 86' lang='lat' dir='ltr'>Jesu</span> 
     </span>
     <span class='ocr_line' id='line_1_36' title="bbox 376 1911 1763 1962; baseline -0.002 -12"><span class='ocrx_word' id='word_1_325' title='bbox 376 1914 652 1951; x_wconf 84' lang='lat' dir='ltr'>Mathematicus</span> <span class='ocrx_word' id='word_1_326' title='bbox 669 1941 677 1957; x_wconf 82' lang='lat'>,</span> <span class='ocrx_word' id='word_1_327' title='bbox 709 1926 776 1962; x_wconf 87' lang='lat' dir='ltr'>pro</span> <span class='ocrx_word' id='word_1_328' title='bbox 801 1913 897 1948; x_wconf 88' lang='lat' dir='ltr'>virili</span> <span class='ocrx_word' id='word_1_329' title='bbox 924 1925 1024 1961; x_wconf 83' lang='lat' dir='ltr'>parte</span> <span class='ocrx_word' id='word_1_330' title='bbox 1046 1913 1169 1950; x_wconf 81' lang='lat' dir='ltr'>enixus</span> <span class='ocrx_word' id='word_1_331' title='bbox 1192 1913 1262 1956; x_wconf 89' lang='lat' dir='ltr'>est,</span> <span class='ocrx_word' id='word_1_332' title='bbox 1290 1924 1329 1948; x_wconf 86' lang='lat' dir='ltr'>ut</span> <span class='ocrx_word' id='word_1_333' title='bbox 1357 1913 1393 1948; x_wconf 88' lang='lat' dir='ltr'>id</span> <span class='ocrx_word' id='word_1_334' title='bbox 1416 1911 1702 1948; x_wconf 84' lang='lat' dir='ltr'>commentitium</span> <span class='ocrx_word' id='word_1_335' title='bbox 1728 1915 1763 1947; x_wconf 77' lang='grc' dir='ltr'>δε</span> 
     </span>
     <span class='ocr_line' id='line_1_37' title="bbox 376 1960 1761 2012; baseline -0.002 -13"><span class='ocrx_word' id='word_1_336' title='bbox 376 1964 502 2000; x_wconf 76' lang='lat' dir='ltr'>falsum</span> <span class='ocrx_word' id='word_1_337' title='bbox 530 1964 596 2000; x_wconf 81' lang='lat' dir='ltr'>effe</span> <span class='ocrx_word' id='word_1_338' title='bbox 619 1964 833 2012; x_wconf 83' lang='lat' dir='ltr'>Imperatori</span> <span class='ocrx_word' id='word_1_339' title='bbox 853 1963 1088 2012; x_wconf 81' lang='lat' dir='ltr'>persuaderet.</span> <span class='ocrx_word' id='word_1_340' title='bbox 1108 1962 1297 1999; x_wconf 68' lang='lat' dir='ltr'>Praevaluit</span> <span class='ocrx_word' id='word_1_341' title='bbox 1312 1962 1489 1999; x_wconf 82' lang='lat' dir='ltr'>Sinnenfis</span> <span class='ocrx_word' id='word_1_342' title='bbox 1511 1962 1682 1998; x_wconf 86' lang='lat' dir='ltr'>adulatio.</span> <span class='ocrx_word' id='word_1_343' title='bbox 1707 1960 1761 1997; x_wconf 82' lang='lat' dir='ltr'>In-</span> 
     </span>
     <span class='ocr_line' id='line_1_38' title="bbox 377 2011 1762 2063; baseline -0.003 -13"><span class='ocrx_word' id='word_1_344' title='bbox 377 2014 421 2051; x_wconf 84' lang='lat' dir='ltr'>tle</span> <span class='ocrx_word' id='word_1_345' title='bbox 445 2013 666 2050; x_wconf 85' lang='lat' dir='ltr'>manifestum</span> <span class='ocrx_word' id='word_1_346' title='bbox 690 2013 759 2057; x_wconf 86' lang='lat' dir='ltr'>est,</span> <span class='ocrx_word' id='word_1_347' title='bbox 789 2014 894 2063; x_wconf 74' lang='lat' dir='ltr'>quam</span> <span class='ocrx_word' id='word_1_348' title='bbox 915 2013 1085 2049; x_wconf 72' lang='lat' dir='ltr'>levissime</span> <span class='ocrx_word' id='word_1_349' title='bbox 1106 2013 1271 2049; x_wconf 80' lang='lat' dir='ltr'>adversus</span> <span class='ocrx_word' id='word_1_350' title='bbox 1293 2013 1410 2049; x_wconf 82' lang='lat' dir='ltr'>sacros</span> <span class='ocrx_word' id='word_1_351' title='bbox 1435 2012 1625 2048; x_wconf 80' lang='lat' dir='ltr'>Hebraicae</span> <span class='ocrx_word' id='word_1_352' title='bbox 1647 2011 1762 2059; x_wconf 88' lang='lat' dir='ltr'>Scrip-</span> 
     </span>
     <span class='ocr_line' id='line_1_39' title="bbox 377 2061 1761 2111; baseline -0.003 -12"><span class='ocrx_word' id='word_1_353' title='bbox 377 2074 462 2099; x_wconf 74' lang='lat' dir='ltr'>tutae</span> <span class='ocrx_word' id='word_1_354' title='bbox 488 2064 599 2099; x_wconf 84' lang='lat' dir='ltr'>libros</span> <span class='ocrx_word' id='word_1_355' title='bbox 639 2076 659 2099; x_wconf 89' lang='lat' dir='ltr'>a</span> <span class='ocrx_word' id='word_1_356' title='bbox 688 2063 872 2099; x_wconf 86' lang='lat' dir='ltr'>nonnullis</span> <span class='ocrx_word' id='word_1_357' title='bbox 912 2063 1104 2111; x_wconf 77' lang='lat' dir='ltr'>objiciatur</span> <span class='ocrx_word' id='word_1_358' title='bbox 1129 2062 1247 2098; x_wconf 84' lang='lat' dir='ltr'>fimilis</span> <span class='ocrx_word' id='word_1_359' title='bbox 1286 2063 1520 2110; x_wconf 60' lang='lat' dir='ltr'>conjunctio,</span> <span class='ocrx_word' id='word_1_360' title='bbox 1549 2075 1628 2111; x_wconf 78' lang='lat' dir='ltr'>quae</span> <span class='ocrx_word' id='word_1_361' title='bbox 1651 2061 1761 2097; x_wconf 82' lang='lat' dir='ltr'>fertur</span> 
     </span>
     <span class='ocr_line' id='line_1_40' title="bbox 375 2110 1760 2162; baseline -0.004 -12"><span class='ocrx_word' id='word_1_362' title='bbox 375 2113 560 2162; x_wconf 80' lang='lat' dir='ltr'>contigisse</span> <span class='ocrx_word' id='word_1_363' title='bbox 583 2113 645 2149; x_wconf 91' lang='lat' dir='ltr'>sub</span> <span class='ocrx_word' id='word_1_364' title='bbox 671 2113 838 2162; x_wconf 85' lang='lat' dir='ltr'>Principe</span> <span class='ocrx_word' id='word_1_365' title='bbox 865 2114 1104 2149; x_wconf 57' lang='lat' dir='ltr'>Tamen-Hm.</span> <span class='ocrx_word' id='word_1_366' title='bbox 1131 2112 1248 2160; x_wconf 77' lang='lat' dir='ltr'>Hujus</span> <span class='ocrx_word' id='word_1_367' title='bbox 1268 2113 1496 2161; x_wconf 81' lang='lat' dir='ltr'>Imperatoris</span> <span class='ocrx_word' id='word_1_368' title='bbox 1515 2112 1617 2147; x_wconf 86' lang='lat' dir='ltr'>initia</span> <span class='ocrx_word' id='word_1_369' title='bbox 1635 2110 1680 2146; x_wconf 87' lang='lat' dir='ltr'>ad</span> <span class='ocrx_word' id='word_1_370' title='bbox 1699 2123 1760 2146; x_wconf 89' lang='lat' dir='ltr'>an-</span> 
     </span>
     <span class='ocr_line' id='line_1_41' title="bbox 376 2160 1757 2211; baseline -0.001 -13"><span class='ocrx_word' id='word_1_371' title='bbox 376 2176 461 2198; x_wconf 83' lang='lat' dir='ltr'>num</span> <span class='ocrx_word' id='word_1_372' title='bbox 485 2174 586 2210; x_wconf 77' lang='lat'>2510</span> <span class='ocrx_word' id='word_1_373' title='bbox 602 2191 610 2205; x_wconf 94' lang='lat'>,</span> <span class='ocrx_word' id='word_1_374' title='bbox 641 2174 794 2199; x_wconf 85' lang='lat' dir='ltr'>mortem</span> <span class='ocrx_word' id='word_1_375' title='bbox 821 2163 864 2198; x_wconf 85' lang='lat' dir='ltr'>ad</span> <span class='ocrx_word' id='word_1_376' title='bbox 890 2176 1022 2198; x_wconf 87' lang='lat' dir='ltr'>annum</span> <span class='ocrx_word' id='word_1_377' title='bbox 1045 2175 1140 2211; x_wconf 60' lang='lat'>2433</span> <span class='ocrx_word' id='word_1_378' title='bbox 1161 2191 1170 2206; x_wconf 98' lang='lat'>,</span> <span class='ocrx_word' id='word_1_379' title='bbox 1199 2174 1280 2199; x_wconf 85' lang='lat' dir='ltr'>ante</span> <span class='ocrx_word' id='word_1_380' title='bbox 1308 2163 1424 2200; x_wconf 85' lang='lat' dir='ltr'>Jesum</span> <span class='ocrx_word' id='word_1_381' title='bbox 1460 2161 1638 2196; x_wconf 86' lang='lat' dir='ltr'>Christum</span> <span class='ocrx_word' id='word_1_382' title='bbox 1663 2160 1757 2197; x_wconf 87' lang='lat' dir='ltr'>refe-</span> 
     </span>
     <span class='ocr_line' id='line_1_42' title="bbox 373 2210 1757 2254; baseline -0.004 -5"><span class='ocrx_word' id='word_1_383' title='bbox 373 2223 467 2249; x_wconf 84' lang='lat' dir='ltr'>runt.</span> <span class='ocrx_word' id='word_1_384' title='bbox 495 2212 616 2248; x_wconf 82' lang='lat' dir='ltr'>Mense</span> <span class='ocrx_word' id='word_1_385' title='bbox 642 2225 760 2249; x_wconf 83' lang='lat' dir='ltr'>autem</span> <span class='ocrx_word' id='word_1_386' title='bbox 798 2213 934 2248; x_wconf 80' lang='lat' dir='ltr'>Martio</span> <span class='ocrx_word' id='word_1_387' title='bbox 965 2213 1101 2248; x_wconf 80' lang='lat' dir='ltr'>Lunam</span> <span class='ocrx_word' id='word_1_388' title='bbox 1138 2212 1329 2248; x_wconf 85' lang='lat' dir='ltr'>secundam</span> <span class='ocrx_word' id='word_1_389' title='bbox 1357 2221 1542 2247; x_wconf 76' lang='lat' dir='ltr'>numerant</span> <span class='ocrx_word' id='word_1_390' title='bbox 1568 2210 1757 2254; x_wconf 85' lang='lat' dir='ltr'>Sinenses,</span> 
     </span>
     <span class='ocr_line' id='line_1_43' title="bbox 375 2259 1755 2312; baseline -0.003 -14"><span class='ocrx_word' id='word_1_391' title='bbox 375 2261 472 2312; x_wconf 77' lang='lat' dir='ltr'>quod</span> <span class='ocrx_word' id='word_1_392' title='bbox 499 2261 543 2296; x_wconf 84' lang='lat' dir='ltr'>ab</span> <span class='ocrx_word' id='word_1_393' title='bbox 572 2262 722 2310; x_wconf 85' lang='lat' dir='ltr'>ingressu</span> <span class='ocrx_word' id='word_1_394' title='bbox 747 2262 840 2298; x_wconf 85' lang='lat' dir='ltr'>Solis</span> <span class='ocrx_word' id='word_1_395' title='bbox 863 2263 901 2297; x_wconf 89' lang='lat' dir='ltr'>in</span> <span class='ocrx_word' id='word_1_396' title='bbox 928 2262 1068 2306; x_wconf 85' lang='lat' dir='ltr'>Pisces,</span> <span class='ocrx_word' id='word_1_397' title='bbox 1095 2275 1169 2298; x_wconf 89' lang='lat' dir='ltr'>non</span> <span class='ocrx_word' id='word_1_398' title='bbox 1204 2262 1289 2297; x_wconf 78' lang='lat' dir='ltr'>vero</span> <span class='ocrx_word' id='word_1_399' title='bbox 1306 2292 1314 2304; x_wconf 84' lang='lat'>,</span> <span class='ocrx_word' id='word_1_400' title='bbox 1342 2273 1381 2296; x_wconf 82' lang='lat' dir='ltr'>ur</span> <span class='ocrx_word' id='word_1_401' title='bbox 1412 2273 1500 2303; x_wconf 84' lang='lat' dir='ltr'>nos,</span> <span class='ocrx_word' id='word_1_402' title='bbox 1532 2260 1574 2295; x_wconf 88' lang='lat' dir='ltr'>ab</span> <span class='ocrx_word' id='word_1_403' title='bbox 1605 2259 1755 2309; x_wconf 72' lang='lat' dir='ltr'>ingreffu</span> 
     </span>
     <span class='ocr_line' id='line_1_44' title="bbox 374 2309 1757 2360; baseline -0.001 -12"><span class='ocrx_word' id='word_1_404' title='bbox 374 2313 412 2348; x_wconf 83' lang='lat' dir='ltr'>in</span> <span class='ocrx_word' id='word_1_405' title='bbox 436 2311 595 2346; x_wconf 89' lang='lat' dir='ltr'>Taurum</span> <span class='ocrx_word' id='word_1_406' title='bbox 613 2339 621 2353; x_wconf 93' lang='lat'>,</span> <span class='ocrx_word' id='word_1_407' title='bbox 653 2324 784 2346; x_wconf 82' lang='lat' dir='ltr'>annum</span> <span class='ocrx_word' id='word_1_408' title='bbox 813 2312 1003 2359; x_wconf 86' lang='lat' dir='ltr'>incipiunt.</span> <span class='ocrx_word' id='word_1_409' title='bbox 1031 2311 1120 2347; x_wconf 87' lang='lat' dir='ltr'>Inde</span> <span class='ocrx_word' id='word_1_410' title='bbox 1147 2324 1317 2360; x_wconf 86' lang='lat' dir='ltr'>quoque,</span> <span class='ocrx_word' id='word_1_411' title='bbox 1349 2311 1430 2346; x_wconf 71' lang='lat' dir='ltr'>cum</span> <span class='ocrx_word' id='word_1_412' title='bbox 1453 2310 1565 2346; x_wconf 66' lang='lat' dir='ltr'>Judsei</span> <span class='ocrx_word' id='word_1_413' title='bbox 1593 2309 1757 2346; x_wconf 79' lang='lat' dir='ltr'>Sinenses</span> 
     </span>
     <span class='ocr_line' id='line_1_45' title="bbox 373 2359 1756 2412; baseline -0.004 -12"><span class='ocrx_word' id='word_1_414' title='bbox 373 2361 634 2412; x_wconf 64' lang='lat' dir='ltr'>scenopegiam</span> <span class='ocrx_word' id='word_1_415' title='bbox 648 2388 659 2406; x_wconf 89' lang='lat'>,</span> <span class='ocrx_word' id='word_1_416' title='bbox 678 2361 738 2399; x_wconf 81' lang='lat' dir='ltr'>seu</span> <span class='ocrx_word' id='word_1_417' title='bbox 753 2361 876 2400; x_wconf 82' lang='lat' dir='ltr'>festum</span> <span class='ocrx_word' id='word_1_418' title='bbox 893 2360 1242 2407; x_wconf 76' lang='lat' dir='ltr'>Tabernactiloruin,</span> <span class='ocrx_word' id='word_1_419' title='bbox 1254 2360 1512 2411; x_wconf 63' lang='lat' dir='ltr'>septiinaiLuna</span> <span class='ocrx_word' id='word_1_420' title='bbox 1521 2359 1756 2403; x_wconf 84' lang='lat' dir='ltr'>celebrarent,</span> 
     </span>
    </p>
   </div>
   <div class='ocr_carea' id='block_1_3' title="bbox 1710 2443 1756 2473">
    <p class='ocr_par' dir='ltr' id='par_1_5' title="bbox 1710 2443 1756 2473">
     <span class='ocr_line' id='line_1_46' title="bbox 1710 2443 1756 2473; baseline 0 0"><span class='ocrx_word' id='word_1_421' title='bbox 1710 2443 1756 2473; x_wconf 80' lang='lat' dir='ltr'>Ut</span> 
     </span>
    </p>
   </div>
  </div>
 </body>
</html>
