1952 2708
287 295 315 318 A.
330 297 357 318 U.
371 295 398 317 C.

306 347 377 375 790.

312 391 335 413 J.
344 391 371 414 C.

321 446 368 473 37·

427 164 508 200 268
710 159 1520 203 SUPPLEMENTUM

422 236 633 280 consulum
657 242 754 281 verb
788 239 1074 293 relationibus,
1108 258 1130 278 «
1157 241 1265 295 quod
1300 241 1453 283 bonum'
1476 239 1652 294 felixque
1680 240 1725 281 fit
1754 241 1802 282 C.

421 302 596 343 »Caesari
622 303 898 358 sororibusque
924 303 1007 356 ejus
1036 310 1045 326 ¹
1077 322 1121 354 n,
1151 306 1465 359 praemitteretur.

485 366 590 406 VII.
624 367 744 408 HAEC
782 368 939 423 imperii
973 367 1213 422 primordia,
1253 366 1403 407 bonum
1437 369 1541 408 inter
1571 382 1617 408 ac
1652 366 1803 407 malum

423 427 635 484 ambigua,
667 433 707 469 &
733 428 1018 485 principalibus
1043 430 1145 470 curis
1172 429 1352 479 minora,
1380 428 1552 485 populus
1568 459 1582 479 ,
1608 430 1802 471 virtutum

421 491 558 542 rudis,
597 492 806 543 admirari,
834 506 1034 545 tamquam
1071 490 1275 531 felicitatis
1313 493 1448 532 omina
1479 491 1698 543 extollere,
1727 493 1801 533 diis

422 568 552 609 grates
575 562 690 609 agere
710 568 790 595 tam
814 554 1056 604 immodice,
1083 567 1128 594 ut
1150 553 1273 594 tribus
1296 555 1486 610 proximis
1510 553 1730 605 menfibus,
1758 570 1807 595 ac

424 631 475 657 ne
495 619 590 658 totis
613 618 771 671 quidem
786 647 798 667 ,
820 618 934 673 supra
959 630 1121 657 centum
1145 616 1350 671 sexaginta
1373 615 1500 657 millia
1522 620 1536 637 ²
1556 618 1805 658 viEIimarum

425 680 656 721 ceciderint.
683 680 836 730 Caesar,
863 677 974 720 infit&
1012 679 1202 731 levitate,
1232 684 1271 720 ὃς
1308 679 1552 720 adulantium
1590 678 1805 721 lenociniis

421 758 572 793 vanus,
602 743 760 799 insuper
788 741 929 798 opibus
957 758 979 782 a
1000 742 1166 783 Tiberio
1194 745 1386 784 acervatis
1413 756 1594 792 tumens,
1620 743 1667 783 ad
1688 741 1803 783 solita

421 803 611 857 juvenum
642 806 872 861 Principum
898 807 995 846 vitia
1021 806 1216 846 divertere
1237 823 1244 845 :
1269 821 1374 847 nova
1403 805 1567 846 settari:
1593 804 1804 861 superioris

421 870 666 924 principatus
691 884 798 923 aequa
833 873 873 909 ὅ(
904 869 1039 922 iniqua
1068 873 1078 897 ³
1119 869 1264 924 pariter
1292 870 1502 910 immutare
1530 885 1538 908 ε
1565 866 1700 910 laudes
1728 883 1804 924 po-

420 932 496 971 tius
512 961 523 980 ‚
553 930 670 985 quam
697 932 1016 972 dominationem
1043 933 1244 987 aucupari.

484 994 618 1035 VIII.
652 996 803 1035 N1H1L
843 993 922 1047 jam
956 995 1122 1050 pristina:
1160 994 1379 1036 severitatis
1420 993 1631 1048 reliquum.
1674 995 1802 1036 Dam-

422 1057 506 1097 nati
544 1057 787 1112 relegatique
836 1056 923 1097 ullo
958 1057 1038 1098 fine
1079 1057 1307 1098 discrimine
1359 1059 1613 1099 restituuntur
1638 1062 1670 1101 4,
1711 1059 1803 1097 Cri-

420 1121 576 1160 minum
599 1150 613 1170 ‚
658 1135 741 1174 quae
772 1135 823 1160 ex
854 1121 986 1175 priore
1013 1134 1196 1175 tempore
1220 1121 1405 1175 superant
1433 1150 1445 1171 ‚
1480 1122 1646 1174 gratiam
1667 1120 1765 1161 facit
1792 1137 1800 1160 ε

421 1197 472 1223 ne
503 1183 807 1224 domesticarum
839 1183 1001 1236 quidem
1038 1181 1270 1234 injuriarum
1308 1197 1462 1224 memor
1486 1211 1499 1232 ‚
1551 1196 1802 1224 commenta-

421 1246 500 1286 rios
527 1245 576 1287 ad
610 1247 745 1287 matris
776 1250 817 1286 δε
851 1246 1016 1286 fratrum
1057 1250 1070 1276 5
1123 1246 1256 1286 causas
1297 1247 1540 1301 pertinentes
1567 1275 1581 1296 ,
1626 1261 1802 1287 convec«

420 1321 485 1348 tos
515 1309 556 1348 in
587 1308 718 1349 forum
742 1337 755 1359 ,
783 1308 995 1349 obtestatus
1021 1308 1144 1358 deos,
1171 1325 1193 1345 ((
1216 1323 1344 1362 neque
1366 1308 1500 1363 legisse
1519 1337 1532 1358 ‚
1558 1322 1686 1361 neque
1709 1311 1802 1349 atti-

422 1371 517 1426 giffe
537 1372 752 1426 quidquam
772 1389 817 1423 2),
849 1384 1081 1412 concremat
1108 1370 1125 1392 ⁶
1149 1371 1262 1411 :Titi
1287 1371 1456 1412 Labieni
1478 1376 1492 1397 ⁷
1508 1400 1522 1421 ,
1556 1371 1680 1411 Cordi
1707 1372 1801 1417 Cre>-

462 1495 471 1506 ¹
493 1495 738 1530 Sononmusta
754 1495 847 1532 mus]
866 1493 1095 1533 Haec,&prio-

420 1542 453 1562 ra
475 1535 601 1563 Sueton.
622 1534 683 1564 loc.
698 1533 749 1564 cit.

461 1577 472 1590 ²
496 1574 631 1602 Cenum
659 1583 835 1603 SEXAGINTA
861 1577 994 1606 mum]
1016 1574 1092 1602 Sue—

422 1619 490 1641 ton.
515 1612 547 1640 in
572 1612 671 1648 Caio,
694 1614 776 1643 XIV.
796 1613 863 1642 Nec
886 1613 919 1642 in
929 1613 1010 1642 Urbe
1026 1620 1094 1641 tan-

421 1652 489 1693 tum
502 1672 510 1685 ‚
533 1650 582 1680 sed
605 1651 636 1680 in
653 1650 823 1689 provinciis
843 1660 976 1691 totoque
994 1651 1094 1689 impe-

421 1699 470 1718 no
494 1689 606 1727 pariter
626 1692 743 1728 peraeta
758 1690 928 1727 sacrificia,
948 1690 1093 1729 editaque

420 1728 555 1758 maxima
575 1729 686 1759 laetitiae
705 1729 840 1766 indici33
857 1739 922 1768 quae
948 1729 1012 1759 fuse
1027 1739 1093 1759 nar-

420 1775 468 1797 rat
490 1767 599 1805 Philo,
619 1770 726 1807 Legat.
745 1769 783 1798 ad
805 1768 934 1803 Caium,
951 1778 1017 1806 pag.
1031 1779 1089 1805 993

420 1807 456 1837 &
490 1817 561 1843 994.
601 1809 684 1837 Inter
715 1807 778 1837 haec
805 1806 959 1838 ferventia
998 1807 1093 1837 studia

421 1845 507 1876 cusus
529 1846 652 1877 videtur
675 1856 840 1883 nummus,
865 1846 918 1886 qui
941 1846 1019 1876 olim
1035 1846 1093 1877 fuit

420 1885 454 1914 in
469 1885 575 1916 Museo
588 1885 724 1924 collegii
737 1885 895 1916 Ludovici
908 1885 1011 1924 Magni
1025 1909 1033 1921 ‚
1052 1896 1091 1916 ex

421 1934 479 1954 aere
493 1935 617 1963 magno.
641 1926 676 1955 C.
690 1925 855 1954 CAESAR.
877 1926 973 1956 AVG.
993 1926 1092 1955 GER—

422 1964 619 1994 MANICVS.
647 1965 743 1994 PON.
774 1965 815 1993 M.
842 1964 907 1993 TR.
930 1965 1021 1994 POT.
1039 1974 1091 1994 ca—

423 2003 487 2040 pite
507 2003 574 2048 Caii
591 2003 737 2049 laureato.
754 2004 798 2032 Ex
813 2002 938 2033 adversa
956 2011 1039 2041 parte
1058 2003 1092 2032 in

424 2052 543 2110 cciiii&
573 2043 819 2111 sqssizriseiifossi)
829 2043 951 2124 311³&AE
972 2043 1092 2110 {affl

424 2119 588 2157 Pcpulufilue
609 2120 748 2149 Romanur
761 2119 842 2149 Patri
857 2119 972 2149 Patrzae.

438 2197 444 2202 ·
462 2164 472 2184 3
496 2160 596 2193 AEQUA
620 2171 657 2190 ET
681 2161 816 2196 INIQUA]
840 2158 1092 2198 Haec&sequen-

422 2206 466 2268 ἓξ
488 2198 623 2235 pluribus
645 2198 738 2229 tradit
754 2198 835 2235 Dio,
850 2199 931 2228 LIX.
947 2207 1014 2237 pag.
1031 2202 1086 2235 641

1133 1493 1163 1523 ὓ
1173 1492 1329 1533 Confidarir
1338 1493 1514 1532 appellatur.
1525 1493 1669 1524 Suffetius
1681 1495 1803 1524 tanturn

1132 1533 1191 1564 fuit
1207 1533 1314 1564 consul
1328 1555 1337 1568 ‚
1360 1532 1454 1563 dietus
1471 1543 1597 1572 quoque
1615 1533 1802 1571 Plinio‚VII‚

1137 1584 1183 1610 19.
1198 1572 1362 1609 Pomponius
1373 1571 1529 1610 Consularis
1545 1581 1624 1608 poeta
1644 1582 1650 1600 ε
1671 1572 1717 1602 De
1736 1583 1801 1611 quo

1132 1611 1231 1642 adhuc
1253 1620 1358 1651 agetur
1374 1611 1453 1642 infra
1463 1612 1672 1650 Supplement.
1690 1612 1802 1642 Annal-

1133 1652 1203 1683 VIII
1217 1675 1225 1686 ‚
1250 1661 1296 1690 50.
1752 1687 1758 1692 ι

1173 1695 1182 1717 5
1206 1691 1330 1720 MATms
1355 1701 1392 1719 ET
1413 1689 1591 1725 FRATRum]
1625 1688 1672 1716 Ad
1688 1688 1801 1726 Agrip-

1133 1728 1210 1768 pinae
1224 1752 1233 1766 ‚
1255 1728 1380 1766 matris,
1405 1727 1542 1758 Neronis
1557 1728 1591 1757 &
1610 1725 1697 1756 Drufi
1709 1749 1718 1762 ,
1735 1726 1800 1757 fra-

1132 1776 1213 1797 trum
1229 1791 1238 1805 ,
1262 1768 1362 1797 causas
1393 1766 1592 1806 pertinentes.
1612 1767 1739 1796 Sueton.
1766 1765 1800 1796 in

1132 1807 1210 1837 Caio
1224 1830 1232 1842 ,
1255 1809 1322 1838 XV.
1470 1822 1472 1825 -

1171 1847 1184 1865 ⁶
1207 1847 1402 1876 CONCREMAT
1417 1846 1431 1881 ]
1452 1844 1531 1875 Vide
1550 1843 1629 1874 infra
1645 1854 1710 1882 cap.
1725 1854 1773 1881 31.

1170 1891 1183 1910 7
1206 1886 1279 1914 Tiri
1303 1886 1463 1918 LABIENI]
1493 1884 1540 1913 De
1559 1893 1622 1921 quo
1646 1883 1743 1913 multa
1764 1884 1799 1915 &

1132 1924 1252 1954 curiosa
1270 1923 1383 1962 scripsit
1398 1925 1530 1956 Seneca,
1553 1922 1751 1953 controvers.
1759 1925 1798 1953 V.

1131 1962 1163 1992 in
1177 1962 1290 2002 praefat.
1310 1962 1466 1992 Labienus
1486 1961 1631 2000 afflc‘t'abar
1653 1961 1798 1999 ceanrium

1123 2002 1315 2040 supercilium,
1337 2003 1395 2030 siim
1412 2000 1484 2029 alius
1495 2000 1584 2029 animo
1593 2001 1661 2039 tffi't.
1671 1999 1798 2039 Magnus·

1131 2051 1242 2078 orator,
1262 2041 1305 2080 qui
1322 2051 1370 2077 per
1388 2039 1472 2069 multa
1494 2038 1682 2076 impedimenta
1694 2038 1796 2068 elucfla-

1131 2089 1192 2117 tus,
1215 2080 1250 2109 ad
1263 2080 1370 2117 famam
1387 2079 1491 2118 ingenii
1505 2078 1693 2117 confitentibus
1708 2077 1797 2117 magis

1131 2119 1281 2149 hominihus
1305 2128 1468 2156 pervenerat
1487 2142 1496 2154 ‚
1525 2120 1603 2156 qutim
1634 2117 1795 2147 volentibus.

1129 2158 1242 2188 Summa
1253 2158 1354 2198 egestas
1367 2167 1426 2187 erat
1441 2181 1449 2195 ‚
1458 2158 1564 2196 flemma
1575 2155 1689 2193 infamia
1702 2157 1794 2194 ‚ficm-

1129 2208 1199 2227 mum
1217 2198 1313 2228 odium.
1340 2197 1450 2235 Magna
1474 2205 1562 2224 aurem
1581 2194 1657 2224 debet
1676 2194 1794 2234 effeelo-

1128 2237 1237 2275 quentia
1249 2261 1258 2273 ‚
1274 2247 1331 2274 quae
1344 2236 1439 2265 invitis
1450 2235 1568 2271 placeat.
1593 2233 1662 2263 Cz‘tm
1680 2234 1794 2273 ingenia

461 2279 476 2298 4
497 2276 739 2306 Rasnruunrun
758 2277 772 2312 ]
795 2276 947 2314 Tuncque
969 2275 1089 2306 restitu-
1121 2276 1204 2313 favor
1214 2276 1347 2304 hominum
1365 2273 1590 2314 ostendat,fizvor
1603 2272 1661 2302 alar
1675 2297 1684 2310 ,
1707 2283 1793 2311 quan-

423 2321 470 2344 tus
494 2314 616 2344 videtur
638 2314 826 2353 Pomponius
843 2315 1020 2350 Secundus,
1051 2315 1089 2344 de
1128 2324 1182 2343 tam
1211 2315 1264 2344 vim
1286 2315 1333 2354 effi?
1356 2322 1476 2350 oportet,
1493 2323 1551 2351 quae
1574 2312 1645 2341 inter
1659 2311 1792 2350 obstantia

422 2363 486 2391 quo
509 2353 621 2382 dicium
643 2354 682 2383 est
697 2354 805 2382 Annal.
824 2356 849 2383 V
862 2377 870 2389 ‚
892 2356 920 2384 8.
934 2352 1030 2383 Dioni
1046 2362 1088 2383 ta-
1126 2362 1248 2389 erumpat
1269 2355 1283 2381 ἒ
1303 2353 1390 2383 Nemo
1412 2361 1471 2381 erat
1490 2376 1499 2388 ,
1521 2351 1601 2390 quin,
1621 2352 1679 2380 clim
1692 2350 1795 2380 homini

423 2402 495 2423 men
519 2393 601 2424 LIX.
624 2402 689 2432 pag.
701 2396 771 2432 644.
785 2391 909 2431 Quintus
924 2392 1088 2429 Pomponius
1125 2393 1215 2425 omnia
1230 2392 1383 2432 objecerat,
1404 2391 1513 2432 ingenio
1531 2390 1642 2422 multum
1655 2390 1794 2423 tribueret.

1860 499 1883 539 5

1835 817 1884 844 10

1833 1140 1880 1180 15
