1952 2708
138 504 162 546 5

114 828 165 854 10

112 1455 170 1482 20

594 156 1171 203 AGRICOL'A.
1513 174 1577 210 97

190 247 321 286 »ficut
347 238 387 282 in
407 236 558 282 familia
580 239 868 281 recentiffimus
893 238 1058 291 quisque
1082 239 1285 279 servorum
1311 243 1350 281 ὃς
1374 237 1578 281 conservis

190 305 396 346 »ludibrio
416 305 486 345 est:
507 304 559 344 fic
578 303 621 342 in
642 304 723 343 hoc
742 300 848 345 orbis
867 314 1059 341 terrarum
1080 314 1215 340 vetere
1234 301 1428 343 famulatu
1442 333 1454 353 ,
1480 302 1579 345 novi

189 382 296 409 »nos
316 371 357 408 ὃ(
376 366 475 408 viles
498 368 540 407 in
559 366 762 408 excidium
785 366 970 422 petimur.
987 365 1134 416 Neque
1157 363 1263 403 enim
1285 378 1377 404 arva
1401 365 1514 406 nobis
1546 371 1577 415 ¹,

189 444 291 472 »aut
314 429 499 481 metalla,
530 444 597 471 aut
613 443 751 486 portus
771 429 883 477 sunt,
906 425 1046 481 quibus
1067 425 1299 466 exercendis
1317 426 1575 469 reservemur.

191 495 360 535 »Virtus
387 509 506 551 porro
535 509 582 534 ac
605 494 757 534 ferocia
781 490 1048 544 subjefilorum
1073 490 1227 543 ingrata
1253 489 1537 544 imperantibus
1565 506 1574 529 ;

189 561 264 598 »δε
288 556 562 612 longinquitas
586 572 633 598 ac
656 557 852 597 secretum
875 555 1004 610 ipsum
1020 583 1034 603 ‚
1064 567 1144 606 quo
1170 551 1292 591 tutius
1307 580 1317 600 ‚
1347 554 1395 591 eo
1424 553 1577 608 suspec-¹

190 622 315 661 »tius.
340 621 401 662 Ita
429 617 581 660 sublata
605 619 672 675 spe
697 620 850 669 veniae‚
883 617 1044 659 tandem
1076 615 1220 655 sumite
1248 615 1425 654 animum
1446 644 1459 663 ,
1494 629 1577 656 tam

191 683 366 738 »quibus
386 682 508 733 salus,
525 681 642 737 quam
659 682 800 737 quibus
817 681 944 737 gloria
964 678 1154 722 carissima
1172 679 1238 719 est.
1251 676 1518 718 Trinobantes
1540 682 1577 728 ²,

191 747 373 788 »femina
397 747 528 788 duce³
554 776 568 797 ,
593 761 756 787 exurere
782 744 988 787 coloniam
1014 748 1057 793 4,
1083 755 1312 798 expugnare
1340 741 1487 790 castra,
1509 755 1578 790 ac,

193 810 295 850 »nisi
320 809 491 851 felicitas
516 811 557 850 in
584 810 811 851 socordiam
831 809 1032 856 vertisset,
1060 820 1204 846 exuere
1230 803 1369 858 jugum
1393 817 1577 859 potuere:

192 888 298 914 »nos
322 874 469 928 integri
495 877 535 914 &
560 873 776 924 indomiti,
804 877 845 913 &
869 871 1095 912 libertatem
1122 883 1204 909 non
1224 869 1265 908 in
1289 866 1493 923 praesentia
1520 865 1579 905 la-

192 938 330 986 »turi‚
358 938 487 992 primo
513 938 638 977 statim
664 935 875 991 congressu
900 949 982 976 non
1012 932 1260 975 ostendamus
1288 945 1386 986 quos
1409 929 1478 970 fibi
1502 928 1579 970 Ca-

194 998 388 1040 »ledonia
409 1001 515 1041 viros
538 1000 756 1055 seposuerit
773 1004 785 1030 5
803 1001 852 1038 ?»

259 1062 463 1103 XXXII.
505 1080 525 1099 «
540 1063 606 1103 AN
622 1060 1006 1104 eamdemRomanis
1027 1061 1069 1100 in
1093 1058 1204 1100 bello
1218 1058 1408 1099 virtutem
1422 1086 1434 1107 ‚
1460 1069 1580 1110 quam

193 1126 267 1165 »in
292 1141 391 1182 pace
417 1125 622 1167 lasciviam
650 1126 777 1167 adeffe
805 1126 992 1166 creditis?
1018 1124 1173 1165 Nostris
1198 1121 1259 1161 illi
1283 1118 1581 1161 dissensionibus

194 1204 273 1230 »ac
299 1189 506 1229 discordiis
540 1188 669 1239 clari,
706 1189 804 1230 vitia
833 1189 1004 1228 hostium
1029 1188 1069 1226 in
1094 1183 1265 1240 gloriam
1294 1183 1491 1224 exercitus
1521 1181 1581 1221 sui

193 1267 217 1289 2>
229 1265 409 1293 vertunt:
438 1266 555 1306 quem
584 1253 832 1292 contrachim
859 1265 909 1291 ex
930 1248 1188 1290 diverfissimis
1213 1246 1398 1301 gentibus
1416 1277 1427 1295 ‚
1456 1257 1500 1285 ut
1527 1244 1582 1284 se-

193 1315 364 1355 >›cundae
390 1329 450 1354 res
472 1328 639 1364 tenent,
666 1316 720 1355 ita
746 1313 914 1354 adversa:
939 1310 1173 1353 dissolvent:
1205 1310 1274 1348 nisi
1295 1309 1321 1348 si
1343 1307 1484 1349 Gallos
1500 1338 1513 1357 ,
1541 1310 1584 1347 ὅ(

196 1379 456 1418 »Germanos
471 1407 484 1428 ,
513 1381 551 1417 &
578 1381 589 1427 <
612 1377 735 1433 pudet
760 1377 865 1417 dicht
888 1376 903 1398 ⁶
926 1380 937 1425 )
965 1375 1248 1414 Britannorum
1272 1370 1508 1428 plerosque,
1535 1369 1583 1409 li-

197 1440 295 1481 »cet
315 1441 581 1481 dominationi
601 1440 736 1480 alienae
757 1440 990 1494 sanguinem
1011 1436 1274 1478 commodent
1300 1440 1313 1462 ⁷
1329 1464 1341 1485 ,
1364 1435 1509 1475 diutius
1530 1446 1583 1473 ta-

198 1519 221 1542 2>
232 1518 323 1546 men
346 1505 474 1545 hostes
498 1502 616 1558 quam
641 1503 774 1546 servos
789 1532 803 1555 ,
829 1503 907 1545 fide
927 1506 967 1543 &
989 1501 1133 1543 affeuu
1154 1499 1283 1541 teneri
1303 1498 1469 1554 putatis:
1500 1510 1581 1537 me-

200 1657 339 1688 barbaris
354 1659 480 1692 tributa,
492 1669 559 1698 quae
573 1660 656 1691 dona
667 1660 870 1695 vocabantur,
911 1668 966 1689 nes
987 1667 996 1686 τ
1020 1657 1110 1688 aliter
1131 1664 1234 1687 autem
1254 1661 1373 1684 veteres
1393 1651 1464 1695 libri
1479 1649 1582 1688 scripti

202 1699 377 1741 penderent
396 1722 405 1734 ‚
436 1699 546 1736 pariter
574 1700 783 1738 querebantur
797 1723 806 1736 ‚
828 1702 872 1729 uti
911 1699 945 1729 ὃς
971 1697 1059 1728 editi.
1085 1697 1180 1726 Forte
1203 1693 1360 1732 scripserat
1381 1692 1507 1722 Tacitus
1522 1701 1528 1719 :
1546 1689 1583 1733 Et

202 1737 314 1766 vldere
328 1737 367 1766 est
381 1739 461 1775 apud
474 1739 653 1769 salvianum
663 1763 672 1774 ‚
684 1739 714 1767 de
728 1738 873 1767 Guberna-
911 1738 939 1766 in
958 1736 1110 1766 libertatem
1124 1759 1132 1772 ,
1155 1744 1208 1762 non
1231 1734 1260 1762 ifz
1282 1730 1405 1769 praedam
1427 1739 1557 1759 certaturi
1572 1751 1582 1766 ‚

203 1775 277 1804 tione
295 1775 363 1805 Dei.
378 1777 464 1806 Libr.
481 1779 532 1807 VI.
552 1777 684 1807 Dicimus
695 1777 791 1806 donum
803 1778 850 1817 effe
863 1800 872 1813 ‚
908 1776 994 1814 primo
1011 1776 1108 1814 statim
1131 1772 1267 1812 congreffit
1294 1769 1383 1801 vivide'
1415 1768 1583 1812 ostendar-nus·

201 1814 271 1853 quod
283 1825 397 1851 pretium
415 1815 468 1854 est,
495 1816 639 1856 &quidem
650 1818 765 1854 pretium
778 1816 873 1846 condi—
911 1814 1040 1854 quosfibi
1060 1812 1212 1844 Caledonia
1237 1812 1310 1841 viros
1324 1809 1479 1849 seposuerit.
1502 1807 1582 1839 Vide

204 1853 289 1882 rionis
316 1854 456 1894 durzffimae
495 1866 528 1884 ac
566 1857 730 1895 miserrimoe.
771 1857 873 1886 Omnes
913 1857 1013 1885 Notas
1029 1855 1063 1885 ὃς
1078 1851 1320 1883 Emendationes
1339 1849 1378 1879 ad
1397 1859 1461 1886 cap.
1480 1858 1525 1891 3}-

202 1892 299 1960 ἳμὶιφε
316 1894 417 1930 captivi
439 1895 588 1934 czimsenoel
607 1895 851 1932 redemptifuerim
863 1919 872 1933 ,
951 1896 964 1913 ⁶
986 1895 1093 1923 Pumzr
1115 1892 1236 1927 meru]
1255 1888 1453 1928 singulariter
1469 1887 1584 1916 dietum

218 1931 331 1960 zberrare
344 1934 484 1969 potiuntur
497 1947 506 1962 .·
523 1936 685 1973 nossemper
705 1935 872 1973 redimimur,
912 1944 968 1973 pro
982 1932 1065 1970 pudet
1083 1932 1181 1961 dicere.
1203 1930 1324 1960 Plautus
1350 1935 1455 1957 tamen
1474 1925 1586 1956 Bacch.

205 1970 240 2000 δ’
259 1981 402 2010 numquam
413 1972 595 2011 liberificmus.
912 1976 976 2004 Αξὶ.
994 1974 1047 2002 111.
1065 1974 1113 2002 Sc.
1132 1983 1156 2000 1.
1172 1968 1252 1999 dixit
1267 1980 1273 1998 :

247 2015 255 2029 ¹
282 2012 385 2054 Arva
408 2023 494 2042 reoms
521 2015 534 2051 ]
556 2015 625 2044 Pars
639 2024 750 2054 magna
762 2013 874 2045 Scotiae
946 2021 1027 2054 Neque
1049 2021 1110 2047 mei,
1129 2026 1198 2050 neque
1217 2018 1250 2042 tui
1270 2017 1330 2041 intus
1344 2014 1448 2048 puditum
1459 2013 1585 2045 estfaffls,

206 2051 368 2080 montibus
388 2049 522 2081 horrida.
1011 2054 1139 2087 quaefacis.

247 2091 258 2104 ²
289 2090 510 2120 annommrrs
530 2091 542 2128 ]
568 2091 614 2120 De
631 2092 741 2130 quibus
758 2091 874 2122 dic‘tum
915 2092 952 2121 Et
961 2092 1064 2121 Valet.
1077 2089 1230 2118 Maximus
1246 2090 1306 2123 IX,
1329 2097 1372 2123 13.
1385 2096 1471 2117 num.
1487 2085 1587 2115 2.Nec

206 2128 295 2166 supra
313 2128 425 2158 Annal.
451 2130 522 2158 XIV
537 2152 546 2165 ‚
568 2140 614 2166 31.
916 2130 1048 2159 relatione
1063 2128 1240 2165 familiaria,
1256 2128 1319 2167 quia
1335 2125 1406 2155 α’ἰὸἰιι
1418 2124 1588 2165 fastidienda

249 2172 258 2192 3
289 2167 414 2197 Ffflmi.
457 2179 537 2199 Duce
559 2172 570 2202 ]
598 2168 766 2199 Βοιιὰἰςεέι.
795 2168 876 2200 Vide
909 2170 987 2209 fimf.

207 2207 321 2237 Annal.
340 2208 434 2243 XIV,
459 2217 506 2244 3¹·
959 2215 971 2233 7
998 2209 1183 2238 SANGfflNEM
1216 2208 1444 2239 comnoonnr]
1473 2203 1590 2233 Roma-

249 2250 263 2269 4
285 2247 456 2276 COLONIAM
472 2247 487 2282 ]
511 2246 783 2284 Camulodunum,
795 2256 878 2278 nunc
920 2257 1033 2278 norum
1047 2245 1262 2278 dominationi
1278 2244 1375 2275 vitam
1397 2242 1590 2282 sanguinem-

210 2283 371 2323 colchester.
391 2285 470 2316 Vide
487 2285 564 2316 ibid.
922 2297 981 2325 que
1009 2286 1258 2316 commodabant
1291 2283 1452 2315 auxiliares
1480 2280 1591 2315 Galli,

252 2328 262 2349 5
286 2325 330 2353 ET
349 2335 548 2354 mamni-EM
571 2336 632 2355 nou
654 2335 685 2354 ln
705 2334 879 2354 rnffisrurm
923 2325 1072 2356 Germani
1089 2348 1098 2360 ‚
1135 2325 1169 2355 ὃ(
1185 2324 1404 2354 Britannorum
1426 2320 1562 2360 plerique
1581 2328 1591 2347 τ

211 2371 328 2392 *Arum
340 2385 347 2393 .
361 2384 368 2391 .
382 2374 442 2392 non
464 2374 668 2394 osrssnnmws
680 2386 686 2392 .
697 2384 720 2393 ..
732 2374 880 2393 snposue-
923 2365 1041 2395 diutius
1058 2373 1162 2394 tamen
1178 2363 1277 2394 hostes
1288 2387 1296 2398 ‚
1322 2363 1416 2401 quam
1438 2358 1535 2393 servi;
1557 2366 1594 2388 ³0

213 2401 319 2440 ιυτῖ]
341 2402 388 2432 Ita
407 2401 535 2442 quidem
552 2403 741 2436 recentiores
762 2402 881 2435 editio-
924 2403 1057 2447 proinde
1076 2402 1206 2437 modico
1227 2402 1337 2436 affeetu
1349 2425 1358 2439 ‚
1375 2401 1436 2432 fide
1448 2395 1575 2430 incertia

337 2460 444 2505 Tom.
476 2463 568 2514 IV.
1309 2464 1353 2505 N
