1952 2708
360 137 445 174 126
611 129 660 169 C.
727 127 1146 170 CORNELII
1210 128 1504 173 TACITI

353 213 460 254 ribus
484 210 698 264 eoregius,
729 208 827 250 alter
862 209 999 250 habitu
1037 226 1197 265 quoque
1236 214 1416 268 corporis
1456 225 1741 271 contemptus,

353 290 422 332 per
447 271 632 313 multos
620 288 699 324 Jam
725 287 850 314 annos
878 265 1135 329 potentissimi
1159 275 1249 315 sunt
1274 277 1476 327 civitatis,
1506 293 1579 328 ac,
1608 279 1739 319 donec

351 337 498 387 libuit,
531 337 730 393 principes
756 336 861 386 fori,
889 352 996 377 nunc
1026 339 1225 393 principes
1254 339 1295 377 in
1331 339 1493 380 Caesaris
1518 340 1694 381 amicitia
1725 346 1739 362 ²

353 415 478 455 agunt
501 400 713 454 feruntque
736 402 902 450 cuneta,
927 414 1042 454 atque
1063 400 1110 440 ab
1136 401 1221 455 ipso
1244 401 1430 457 Principe
1453 418 1545 442 cum
1569 403 1739 457 quadam

351 464 575 505 reverentia
601 464 833 518 diliguntur.
868 465 976 518 Quia
1002 464 1290 518 Vespalianus,
1323 465 1560 506 venerabilis
1589 467 1739 517 senex,

351 531 396 567 ἃ
425 528 724 583 patientissimus
746 528 829 567 veri
852 531 865 547 ²
881 557 893 577 ,
919 526 1021 567 bene
1044 526 1236 580 intelligit
1249 557 1261 577 ‚
1286 541 1442 569 ceteros
1461 529 1622 582 quidem
1641 531 1738 570 ami·

353 605 424 631 cos
447 591 537 631 suos
559 592 633 631 niti
655 592 701 630 iis
717 620 730 640 ,
758 605 840 644 quae
864 589 910 630 ab
935 590 1021 645 ipso
1044 592 1273 646 acceperint
1288 621 1301 641 ,
1329 607 1491 645 quaeque
1518 592 1588 648 ipfi
1614 607 1736 634 accu-

351 653 504 695 mulare
521 684 533 703 ‚
563 658 602 694 ὃς
624 655 664 693 in
685 653 784 694 alios
805 668 1023 708 congerere
1046 667 1278 710 promptum
1297 655 1374 694 est:
1400 654 1647 696 Marcellum
1667 671 1737 697 au-

349 729 432 758 tem
459 723 498 758 &
526 717 711 772 Crispum
729 746 741 766 ,
778 716 948 757 attulisse
976 717 1024 758 ad
1058 718 1274 758 amicitiam
1303 718 1439 768 suam,
1466 719 1574 772 quod
1605 735 1687 761 non
1717 734 1738 760 a

349 780 537 835 Principe
575 781 831 835 acceperint,
866 795 941 821 nec
974 782 1105 836 accipi
1138 781 1265 836 possit.
1291 781 1511 822 Minimum
1545 783 1648 822 inter
1674 796 1738 824 tot

349 858 398 884 ac
426 858 535 883 tanta
557 841 695 883 locum
716 843 902 884 obtinent
922 845 1115 898 imagines
1130 874 1142 894 ‚
1169 859 1216 885 ac
1239 844 1374 895 tituli,
1405 849 1444 885 &
1469 846 1599 885 statuae
1616 875 1628 895 ,
1653 861 1738 900 quae

349 922 480 961 neque
508 906 589 962 ipsa
620 920 753 946 tamen
778 906 1059 961 negliguntur:
1086 922 1165 948 tam
1189 907 1379 958 hercule,
1414 907 1532 962 quam
1562 909 1707 950 divitiae
1724 938 1738 959 ,

350 975 392 1011 &
420 984 541 1025 opes,
576 985 670 1023 quas
704 969 860 1011 facilius
897 971 1106 1021 invenies,
1147 972 1214 1024 qui
1252 973 1479 1027 vituperet,
1509 970 1628 1026 quam
1668 973 1736 1026 qui

346 1033 529 1074 fastidiat.
551 1034 628 1073 His
653 1035 774 1087 igitur
799 1037 839 1073 &
864 1034 1110 1083 honoribus,
1140 1038 1180 1074 ὃς
1206 1036 1476 1085 ornamentis,
1506 1039 1545 1075 ὅ(
1567 1035 1736 1076 faculta-

349 1097 456 1136 tibus
471 1126 482 1146 ‚
504 1096 666 1136 refertas
689 1097 830 1136 domos
851 1111 991 1136 eorum
1010 1097 1192 1138 videmus
1206 1128 1218 1148 ,
1243 1099 1310 1151 qui
1330 1098 1368 1138 se
1389 1098 1435 1138 ab
1460 1099 1624 1139 ineunte
1646 1098 1737 1139 ado-

347 1158 538 1199 lescentia
563 1159 682 1199 caulis
704 1159 922 1200 forensibus
957 1164 996 1200 δε
1027 1162 1204 1213 oratorio
1235 1160 1361 1200 studio
1399 1161 1608 1202 dederunt.

411 1222 490 1261 IX.
526 1223 639 1261 ΝΛΜ
668 1223 843 1262 carmina
869 1227 909 1263 ὅ(
934 1223 1096 1274 versus,
1125 1223 1266 1277 quibus
1291 1238 1418 1265 totam
1440 1225 1565 1265 vitam
1586 1224 1736 1265 Mater-

347 1300 420 1325 nus
450 1284 648 1325 insumere
680 1299 793 1340 optat
817 1289 828 1335 (
857 1286 948 1326 inde
977 1287 1082 1326 enim
1110 1288 1238 1327 omnis
1263 1287 1380 1327 fluxit
1414 1289 1578 1337 oratio)
1606 1303 1735 1341 neque

347 1348 588 1402 dignitatem
610 1347 734 1387 ullam
756 1348 978 1389 aru-{toribus
1010 1349 1086 1389 suis
1112 1349 1334 1391 conciliant
1349 1380 1363 1400 ,
1386 1365 1515 1404 neque
1539 1350 1733 1392 utilitates

345 1410 483 1450 alunt:
511 1410 762 1466 voluptatem
790 1426 923 1452 autem
949 1411 1111 1452 brevem
1126 1443 1138 1463 ‚
1162 1412 1321 1454 laudem
1341 1415 1501 1454 inanem
1525 1418 1564 1455 ὃς
1585 1414 1734 1455 infruc-

347 1474 504 1514 tuosam
535 1475 845 1527 consequuntur.
871 1475 990 1516 Licet
1011 1478 1094 1516 hccc
1117 1476 1225 1532 ipsa,
1254 1481 1295 1516 &
1321 1491 1404 1530 quae
1428 1477 1573 1518 deinde
1608 1477 1736 1517 diciu-

348 1552 412 1576 rus
434 1537 519 1576 sum
537 1567 548 1587 ,
577 1552 686 1578 aures
708 1550 782 1577 tuae
799 1568 813 1588 ‚
841 1553 866 1578 o
893 1539 1105 1589 Materne,
1135 1539 1322 1595 respuant
1340 1569 1354 1590 ,
1384 1541 1450 1580 cui
1474 1539 1584 1582 bono
1607 1542 1686 1591 est,
1710 1540 1737 1579 fi

345 1600 453 1656 apud
474 1615 512 1640 te
535 1602 817 1655 Agamemnon
833 1631 846 1652 ,
868 1616 935 1642 aut
951 1603 1073 1646 Jason
1096 1607 1105 1630 ³
1130 1602 1274 1643 diserte
1294 1602 1501 1656 loquitur?
1531 1605 1617 1658 quis
1641 1604 1734 1644 ideo

346 1663 512 1704 domum
538 1664 719 1705 defensus
736 1694 748 1715 ,
779 1669 819 1705 ὅ(
845 1664 918 1705 tibi
945 1665 1144 1720 obligatus
1170 1666 1301 1706 redit?
1325 1667 1428 1721 Quis
1448 1666 1624 1707 Saleium
1647 1666 1733 1707 nos-

346 1740 450 1767 trum
471 1758 482 1777 ‚
509 1729 715 1782 egregium
736 1742 918 1783 poetam,
939 1728 1026 1779 vel,
1049 1730 1076 1768 fi
1096 1731 1178 1770 hoc
1199 1731 1529 1771 honorificentius
1549 1731 1623 1780 est,
1643 1745 1734 1785 prae-

345 1789 598 1831 clarissimum
615 1805 746 1831 vatem
765 1791 948 1842 deducit,
967 1806 1033 1833 aut
1049 1792 1212 1843 salutat,
1234 1807 1301 1834 aut
1317 1793 1588 1849 prosequitur?
1609 1795 1733 1833 Nem-

348 1869 397 1909 pe
414 1883 425 1903 ,
455 1854 481 1892 sl
506 1856 655 1894 amicus
678 1853 761 1905 ejus
778 1885 790 1904 ‚
812 1855 838 1893 fi
865 1857 1137 1911 propinquus,
1162 1856 1187 1895 si
1208 1856 1380 1910 denique
1402 1857 1483 1912 ipse
1505 1858 1544 1895 in
1569 1855 1733 1910 aliquod

346 1918 555 1971 negotium
583 1917 795 1967 inciderit,
823 1918 871 1958 ad
892 1920 1001 1959 hunc
1021 1919 1252 1960 Secundum
1275 1933 1479 1970 recurret,
1511 1933 1577 1960 aut
1597 1919 1645 1960 ad
1668 1933 1731 1970 te,

1770 734 1820 762 10

1761 1367 1818 1393 20

1759 1681 1812 1720 25

345 1979 532 2021 Materne
551 2011 562 2030 ‚
590 1996 672 2021 non
690 2011 700 2029 ‚
726 1982 816 2034 quia
849 1996 968 2036 poeta
992 1997 1032 2022 es
1049 2013 1061 2033 ‚
1103 1997 1231 2037 neque
1260 1997 1304 2023 ut
1331 1998 1403 2038 pro
1431 1997 1480 2023 eo
1507 1984 1641 2023 versus
1669 1983 1728 2023 fa·
1755 1997 1815 2034 30

347 2043 449 2083 cias:
479 2045 520 2083 hi
543 2045 648 2084 enim
675 2044 789 2084 Baffo
814 2044 922 2084 domi
953 2046 1194 2096 nascuntur,
1227 2045 1386 2102 pulchri
1414 2046 1573 2099 quidem
1599 2050 1638 2087 ὅ(
1667 2044 1731 2097 ju·-

347 2107 494 2146 cundi:
523 2122 692 2161 quorum
727 2122 861 2148 tamen
888 2110 956 2150 hic
985 2111 1113 2150 exitus
1145 2111 1223 2160 est,
1249 2122 1320 2160 ut,
1348 2112 1439 2150 cum
1473 2123 1562 2150 toto
1587 2123 1693 2149 anno
1713 2137 1729 2159 ,

389 2225 398 2240 ¹
423 2221 566 2251 Cffismzm
590 2223 758 2259 ΑΜιειτῙΑ]
783 2223 965 2260 Vespasiani.
1054 2232 1113 2254 tur,
1127 2225 1202 2255 Inde
1214 2224 1295 2255 fort&
1311 2223 1419 2260 patien.
1423 2222 1520 2262 zffimur
1533 2222 1590 2252 veri
1602 2222 1726 2252 dicitur.

386 2264 399 2279 ²
422 2261 678 2291 Pmm-nssmus
703 2272 781 2294 vam
801 2264 814 2299 ]
847 2264 948 2300 Quam
968 2262 1015 2294 fa—
1095 2266 1336 2294 ⁵AGAMEMNON
1360 2274 1396 2294 ET
1410 2264 1528 2300 JASON]
1545 2261 1725 2301 Tragoedias

347 2299 440 2330 cilem
460 2300 586 2330 literatis
608 2300 682 2330 viris
696 2302 724 2332 se
741 2303 889 2340 praeberet
901 2303 1015 2340 Vespa-
1054 2277 1207 2333 scribebat
1221 2304 1394 2340 Maternus,
1407 2311 1441 2332 ut
1454 2286 1658 2339 jamvidimus
1674 2301 1727 2331 su-

346 2338 443 2369 fianus
477 2340 582 2370 videre
611 2340 650 2369 est
675 2342 756 2378 apud
782 2341 943 2377 Plinium,
959 2344 1013 2372 111.
1053 2352 1114 2380 pra.
1128 2343 1198 2374 Haec
1210 2341 1392 2374 autemsunt
1402 2342 1621 2382 tragoediarum
1631 2350 1726 2381 argu-

344 2378 399 2417 Ep.
416 2390 444 2418 5.
458 2381 497 2411 Ut
513 2390 566 2411 eos
583 2379 725 2419 audiret,
739 2380 882 2413 noekibus
903 2382 1014 2413 uteba·
1052 2390 1169 2412 menta.
