<?xml version="1.0" encoding="UTF-8"?>
<!DOCTYPE html PUBLIC "-//W3C//DTD XHTML 1.0 Transitional//EN"
    "http://www.w3.org/TR/xhtml1/DTD/xhtml1-transitional.dtd">
<html xmlns="http://www.w3.org/1999/xhtml" xml:lang="en" lang="en">
 <head>
  <title>
</title>
<meta http-equiv="Content-Type" content="text/html;charset=utf-8" />
  <meta name='ocr-system' content='tesseract 3.04.00' />
  <meta name='ocr-capabilities' content='ocr_page ocr_carea ocr_par ocr_line ocrx_word'/>
</head>
<body>
  <div class='ocr_page' id='page_1' title='image "./operabro04taciuoft_0478.png"; bbox 0 0 1952 2708; ppageno 0'>
   <div class='ocr_carea' id='block_1_1' title="bbox 422 117 1373 179">
    <p class='ocr_par' dir='ltr' id='par_1_1' title="bbox 422 117 1373 179">
     <span class='ocr_line' id='line_1_1' title="bbox 422 117 1373 179; baseline -0.009 -11"><span class='ocrx_word' id='word_1_1' title='bbox 422 131 513 179; x_wconf 72' lang='lat'>466</span> <span class='ocrx_word' id='word_1_2' title='bbox 863 117 1373 162; x_wconf 82' lang='lat' dir='ltr'><strong>APPENDIX</strong></span> 
     </span>
    </p>
   </div>
   <div class='ocr_carea' id='block_1_2' title="bbox 419 195 1815 1991">
    <p class='ocr_par' dir='ltr' id='par_1_2' title="bbox 419 195 1809 1016">
     <span class='ocr_line' id='line_1_2' title="bbox 419 195 1802 248; baseline -0.003 -10"><span class='ocrx_word' id='word_1_3' title='bbox 419 197 622 248; x_wconf 82' lang='lat' dir='ltr'>abrogavit.</span> <span class='ocrx_word' id='word_1_4' title='bbox 647 197 714 233; x_wconf 86' lang='lat' dir='ltr'>Rei</span> <span class='ocrx_word' id='word_1_5' title='bbox 738 195 926 243; x_wconf 79' lang='lat' dir='ltr'>majestatis</span> <span class='ocrx_word' id='word_1_6' title='bbox 943 196 1123 234; x_wconf 87' lang='lat' dir='ltr'>absoluti:</span> <span class='ocrx_word' id='word_1_7' title='bbox 1145 196 1282 233; x_wconf 89' lang='lat' dir='ltr'>sublata</span> <span class='ocrx_word' id='word_1_8' title='bbox 1309 195 1383 232; x_wconf 88' lang='lat' dir='ltr'>fisci</span> <span class='ocrx_word' id='word_1_9' title='bbox 1405 195 1545 233; x_wconf 88' lang='lat' dir='ltr'>Judaici</span> <span class='ocrx_word' id='word_1_10' title='bbox 1563 195 1741 232; x_wconf 86' lang='lat' dir='ltr'>calumnia</span> <span class='ocrx_word' id='word_1_11' title='bbox 1757 196 1802 234; x_wconf 73' lang='lat'>¹:</span> 
     </span>
     <span class='ocr_line' id='line_1_3' title="bbox 419 245 1802 296; baseline -0.003 -9"><span class='ocrx_word' id='word_1_12' title='bbox 419 249 510 287; x_wconf 88' lang='lat' dir='ltr'>servi</span> <span class='ocrx_word' id='word_1_13' title='bbox 527 261 568 284; x_wconf 87' lang='lat' dir='ltr'>ac</span> <span class='ocrx_word' id='word_1_14' title='bbox 582 247 700 285; x_wconf 89' lang='lat' dir='ltr'>liberti</span> <span class='ocrx_word' id='word_1_15' title='bbox 715 275 724 291; x_wconf 87' lang='lat'><strong><em>,</em></strong></span> <span class='ocrx_word' id='word_1_16' title='bbox 742 247 803 296; x_wconf 91' lang='lat' dir='ltr'>qui</span> <span class='ocrx_word' id='word_1_17' title='bbox 821 247 976 283; x_wconf 89' lang='lat' dir='ltr'>dominis</span> <span class='ocrx_word' id='word_1_18' title='bbox 991 246 1129 283; x_wconf 87' lang='lat' dir='ltr'>infidias</span> <span class='ocrx_word' id='word_1_19' title='bbox 1147 246 1341 284; x_wconf 82' lang='lat' dir='ltr'>struxerant</span> <span class='ocrx_word' id='word_1_20' title='bbox 1355 272 1364 288; x_wconf 90' lang='lat'>‚</span> <span class='ocrx_word' id='word_1_21' title='bbox 1385 245 1570 294; x_wconf 82' lang='lat' dir='ltr'>suppliciis</span> <span class='ocrx_word' id='word_1_22' title='bbox 1595 245 1726 282; x_wconf 91' lang='lat' dir='ltr'>subditi</span> <span class='ocrx_word' id='word_1_23' title='bbox 1741 246 1802 283; x_wconf 85' lang='lat' dir='ltr'>:in</span> 
     </span>
     <span class='ocr_line' id='line_1_4' title="bbox 419 295 1803 348; baseline -0.004 -12"><span class='ocrx_word' id='word_1_24' title='bbox 419 313 483 336; x_wconf 86' lang='lat' dir='ltr'>eos</span> <span class='ocrx_word' id='word_1_25' title='bbox 499 311 623 335; x_wconf 88' lang='lat' dir='ltr'>omnes</span> <span class='ocrx_word' id='word_1_26' title='bbox 636 326 646 342; x_wconf 90' lang='lat'>,</span> <span class='ocrx_word' id='word_1_27' title='bbox 669 297 731 348; x_wconf 89' lang='lat' dir='ltr'>qui</span> <span class='ocrx_word' id='word_1_28' title='bbox 749 297 948 333; x_wconf 81' lang='lat' dir='ltr'>delationes</span> <span class='ocrx_word' id='word_1_29' title='bbox 973 297 1217 332; x_wconf 63' lang='lat' dir='ltr'>fafiitaverant</span> <span class='ocrx_word' id='word_1_30' title='bbox 1232 324 1241 339; x_wconf 96' lang='lat'>,</span> <span class='ocrx_word' id='word_1_31' title='bbox 1269 296 1400 344; x_wconf 85' lang='lat' dir='ltr'>inquiri</span> <span class='ocrx_word' id='word_1_32' title='bbox 1419 296 1534 333; x_wconf 90' lang='lat' dir='ltr'>licuit.</span> <span class='ocrx_word' id='word_1_33' title='bbox 1558 296 1606 332; x_wconf 85' lang='lat' dir='ltr'>At</span> <span class='ocrx_word' id='word_1_34' title='bbox 1628 306 1667 332; x_wconf 88' lang='lat' dir='ltr'>ut</span> <span class='ocrx_word' id='word_1_35' title='bbox 1685 295 1770 332; x_wconf 90' lang='lat' dir='ltr'>mali</span> <span class='ocrx_word' id='word_1_36' title='bbox 1790 321 1803 340; x_wconf 89' lang='lat'><strong>,</strong></span> 
     </span>
     <span class='ocr_line' id='line_1_5' title="bbox 420 345 1804 394; baseline -0.003 -8"><span class='ocrx_word' id='word_1_37' title='bbox 420 349 467 386; x_wconf 84' lang='lat' dir='ltr'>fic</span> <span class='ocrx_word' id='word_1_38' title='bbox 485 352 519 385; x_wconf 90' lang='lat'>&amp;</span> <span class='ocrx_word' id='word_1_39' title='bbox 535 348 650 391; x_wconf 82' lang='lat' dir='ltr'>boni,</span> <span class='ocrx_word' id='word_1_40' title='bbox 671 347 719 384; x_wconf 88' lang='lat' dir='ltr'>est</span> <span class='ocrx_word' id='word_1_41' title='bbox 746 346 976 394; x_wconf 76' lang='lat' dir='ltr'>praefervidus</span> <span class='ocrx_word' id='word_1_42' title='bbox 999 346 1189 382; x_wconf 86' lang='lat' dir='ltr'>&amp;lethifer</span> <span class='ocrx_word' id='word_1_43' title='bbox 1213 345 1359 394; x_wconf 83' lang='lat' dir='ltr'>quidam</span> <span class='ocrx_word' id='word_1_44' title='bbox 1380 345 1542 394; x_wconf 89' lang='lat' dir='ltr'>impetus.</span> <span class='ocrx_word' id='word_1_45' title='bbox 1567 345 1688 382; x_wconf 87' lang='lat' dir='ltr'>Tanta</span> <span class='ocrx_word' id='word_1_46' title='bbox 1707 345 1804 382; x_wconf 87' lang='lat' dir='ltr'>dela-</span> 
     </span>
     <span class='ocr_line' id='line_1_6' title="bbox 420 394 1806 446; baseline -0.002 -11"><span class='ocrx_word' id='word_1_47' title='bbox 420 409 542 436; x_wconf 87' lang='lat' dir='ltr'>torum</span> <span class='ocrx_word' id='word_1_48' title='bbox 571 397 676 433; x_wconf 89' lang='lat' dir='ltr'>turba</span> <span class='ocrx_word' id='word_1_49' title='bbox 705 396 899 433; x_wconf 91' lang='lat' dir='ltr'>incondito</span> <span class='ocrx_word' id='word_1_50' title='bbox 919 395 1138 446; x_wconf 88' lang='lat' dir='ltr'>turbidoque</span> <span class='ocrx_word' id='word_1_51' title='bbox 1173 395 1331 431; x_wconf 88' lang='lat' dir='ltr'>clamore</span> <span class='ocrx_word' id='word_1_52' title='bbox 1348 394 1526 443; x_wconf 84' lang='lat' dir='ltr'>postulata</span> <span class='ocrx_word' id='word_1_53' title='bbox 1551 395 1649 431; x_wconf 88' lang='lat' dir='ltr'>fimul</span> <span class='ocrx_word' id='word_1_54' title='bbox 1674 399 1708 432; x_wconf 69' lang='grc' dir='ltr'>ὃς</span> <span class='ocrx_word' id='word_1_55' title='bbox 1733 409 1806 444; x_wconf 91' lang='lat' dir='ltr'>op-</span> 
     </span>
     <span class='ocr_line' id='line_1_7' title="bbox 422 444 1805 498; baseline -0.001 -14"><span class='ocrx_word' id='word_1_56' title='bbox 422 449 552 498; x_wconf 69' lang='lat' dir='ltr'>pressa,</span> <span class='ocrx_word' id='word_1_57' title='bbox 567 457 607 483; x_wconf 93' lang='lat' dir='ltr'>ut</span> <span class='ocrx_word' id='word_1_58' title='bbox 624 446 784 491; x_wconf 83' lang='lat' dir='ltr'>Fronto,</span> <span class='ocrx_word' id='word_1_59' title='bbox 807 447 957 490; x_wconf 85' lang='lat' dir='ltr'>consul,</span> <span class='ocrx_word' id='word_1_60' title='bbox 985 446 1128 496; x_wconf 75' lang='lat' dir='ltr'>egregie</span> <span class='ocrx_word' id='word_1_61' title='bbox 1156 445 1349 482; x_wconf 84' lang='lat' dir='ltr'>adverterit</span> <span class='ocrx_word' id='word_1_62' title='bbox 1362 472 1370 487; x_wconf 88' lang='lat'>,</span> <span class='ocrx_word' id='word_1_63' title='bbox 1391 462 1411 476; x_wconf 76' lang='lat' dir='ltr'>cc</span> <span class='ocrx_word' id='word_1_64' title='bbox 1426 444 1557 480; x_wconf 87' lang='lat' dir='ltr'>malurn</span> <span class='ocrx_word' id='word_1_65' title='bbox 1581 445 1647 481; x_wconf 83' lang='lat' dir='ltr'>effe</span> <span class='ocrx_word' id='word_1_66' title='bbox 1665 445 1805 482; x_wconf 85' lang='lat' dir='ltr'>Princi-</span> 
     </span>
     <span class='ocr_line' id='line_1_8' title="bbox 423 493 1804 547; baseline 0 -16"><span class='ocrx_word' id='word_1_67' title='bbox 423 517 442 531; x_wconf 53' lang='grc' dir='ltr'>α)</span> <span class='ocrx_word' id='word_1_68' title='bbox 469 511 552 547; x_wconf 88' lang='lat' dir='ltr'>pem</span> <span class='ocrx_word' id='word_1_69' title='bbox 567 525 577 541; x_wconf 87' lang='lat'>,</span> <span class='ocrx_word' id='word_1_70' title='bbox 594 497 657 533; x_wconf 88' lang='lat' dir='ltr'>sub</span> <span class='ocrx_word' id='word_1_71' title='bbox 675 509 747 547; x_wconf 92' lang='lat' dir='ltr'>quo</span> <span class='ocrx_word' id='word_1_72' title='bbox 762 497 854 533; x_wconf 90' lang='lat' dir='ltr'>nihil</span> <span class='ocrx_word' id='word_1_73' title='bbox 874 496 1040 546; x_wconf 86' lang='lat' dir='ltr'>cuiquam</span> <span class='ocrx_word' id='word_1_74' title='bbox 1057 495 1190 538; x_wconf 88' lang='lat' dir='ltr'>liceat;</span> <span class='ocrx_word' id='word_1_75' title='bbox 1206 496 1367 544; x_wconf 83' lang='lat' dir='ltr'>pejorem</span> <span class='ocrx_word' id='word_1_76' title='bbox 1382 504 1500 531; x_wconf 91' lang='lat' dir='ltr'>tamen</span> <span class='ocrx_word' id='word_1_77' title='bbox 1515 493 1580 530; x_wconf 81' lang='lat' dir='ltr'>esse</span> <span class='ocrx_word' id='word_1_78' title='bbox 1594 521 1603 537; x_wconf 87' lang='lat'>‚</span> <span class='ocrx_word' id='word_1_79' title='bbox 1618 506 1680 543; x_wconf 89' lang='lat' dir='ltr'>per</span> <span class='ocrx_word' id='word_1_80' title='bbox 1699 507 1804 543; x_wconf 88' lang='lat' dir='ltr'>quem</span> 
     </span>
     <span class='ocr_line' id='line_1_9' title="bbox 422 543 1807 593; baseline -0.002 -10"><span class='ocrx_word' id='word_1_81' title='bbox 422 567 442 581; x_wconf 66' lang='grc' dir='ltr'>ω</span> <span class='ocrx_word' id='word_1_82' title='bbox 470 547 594 584; x_wconf 90' lang='lat' dir='ltr'>omnia</span> <span class='ocrx_word' id='word_1_83' title='bbox 608 547 774 584; x_wconf 89' lang='lat' dir='ltr'>omnibus</span> <span class='ocrx_word' id='word_1_84' title='bbox 791 547 901 583; x_wconf 90' lang='lat' dir='ltr'>licent</span> <span class='ocrx_word' id='word_1_85' title='bbox 917 548 929 562; x_wconf 85' lang='lat'>²</span> <span class='ocrx_word' id='word_1_86' title='bbox 944 564 974 581; x_wconf 59' lang='grc' dir='ltr'>ι».</span> <span class='ocrx_word' id='word_1_87' title='bbox 1005 545 1094 581; x_wconf 85' lang='lat' dir='ltr'>Inde</span> <span class='ocrx_word' id='word_1_88' title='bbox 1108 544 1230 582; x_wconf 88' lang='lat' dir='ltr'>Nerva</span> <span class='ocrx_word' id='word_1_89' title='bbox 1243 556 1379 593; x_wconf 87' lang='lat' dir='ltr'>pronos</span> <span class='ocrx_word' id='word_1_90' title='bbox 1394 544 1439 580; x_wconf 87' lang='lat' dir='ltr'>ad</span> <span class='ocrx_word' id='word_1_91' title='bbox 1452 543 1646 580; x_wconf 62' lang='lat' dir='ltr'>vindiRam</span> <span class='ocrx_word' id='word_1_92' title='bbox 1666 544 1807 582; x_wconf 88' lang='lat' dir='ltr'>animos</span> 
     </span>
     <span class='ocr_line' id='line_1_10' title="bbox 422 593 1807 647; baseline -0.004 -14"><span class='ocrx_word' id='word_1_93' title='bbox 422 598 582 634; x_wconf 83' lang='lat' dir='ltr'>inhibuit</span> <span class='ocrx_word' id='word_1_94' title='bbox 597 624 605 639; x_wconf 92' lang='lat'>‚</span> <span class='ocrx_word' id='word_1_95' title='bbox 625 597 758 647; x_wconf 88' lang='lat' dir='ltr'>eosque</span> <span class='ocrx_word' id='word_1_96' title='bbox 777 595 935 632; x_wconf 81' lang='lat' dir='ltr'>mollivit</span> <span class='ocrx_word' id='word_1_97' title='bbox 954 594 1179 632; x_wconf 83' lang='lat' dir='ltr'>liberalitate.</span> <span class='ocrx_word' id='word_1_98' title='bbox 1203 594 1415 631; x_wconf 79' lang='lat' dir='ltr'>Restitutum</span> <span class='ocrx_word' id='word_1_99' title='bbox 1436 593 1613 644; x_wconf 87' lang='lat' dir='ltr'>quidquid</span> <span class='ocrx_word' id='word_1_100' title='bbox 1631 594 1727 642; x_wconf 88' lang='lat' dir='ltr'>apud</span> <span class='ocrx_word' id='word_1_101' title='bbox 1745 593 1807 629; x_wconf 78' lang='lat' dir='ltr'>fis-</span> 
     </span>
     <span class='ocr_line' id='line_1_11' title="bbox 424 642 1808 696; baseline -0.004 -12"><span class='ocrx_word' id='word_1_102' title='bbox 424 661 507 685; x_wconf 85' lang='lat' dir='ltr'>cum</span> <span class='ocrx_word' id='word_1_103' title='bbox 526 648 726 696; x_wconf 80' lang='lat' dir='ltr'>supererat,</span> <span class='ocrx_word' id='word_1_104' title='bbox 743 659 763 681; x_wconf 90' lang='lat' dir='ltr'>a</span> <span class='ocrx_word' id='word_1_105' title='bbox 787 645 1006 682; x_wconf 88' lang='lat' dir='ltr'>Domitiano</span> <span class='ocrx_word' id='word_1_106' title='bbox 1022 656 1152 682; x_wconf 89' lang='lat' dir='ltr'>temere</span> <span class='ocrx_word' id='word_1_107' title='bbox 1176 644 1380 694; x_wconf 87' lang='lat' dir='ltr'>ademptum</span> <span class='ocrx_word' id='word_1_108' title='bbox 1400 658 1409 680; x_wconf 87' lang='lat'><strong>:</strong></span> <span class='ocrx_word' id='word_1_109' title='bbox 1427 643 1548 694; x_wconf 87' lang='lat' dir='ltr'>egenis</span> <span class='ocrx_word' id='word_1_110' title='bbox 1571 643 1710 680; x_wconf 87' lang='lat' dir='ltr'>civibus</span> <span class='ocrx_word' id='word_1_111' title='bbox 1730 642 1808 680; x_wconf 86' lang='lat' dir='ltr'>Ro-</span> 
     </span>
     <span class='ocr_line' id='line_1_12' title="bbox 422 693 1808 746; baseline -0.003 -12"><span class='ocrx_word' id='word_1_112' title='bbox 422 697 536 734; x_wconf 86' lang='lat' dir='ltr'>manis</span> <span class='ocrx_word' id='word_1_113' title='bbox 552 698 653 733; x_wconf 85' lang='lat' dir='ltr'>datus</span> <span class='ocrx_word' id='word_1_114' title='bbox 675 709 757 746; x_wconf 86' lang='lat' dir='ltr'>ager</span> <span class='ocrx_word' id='word_1_115' title='bbox 772 696 817 731; x_wconf 90' lang='lat' dir='ltr'>ad</span> <span class='ocrx_word' id='word_1_116' title='bbox 836 695 1030 732; x_wconf 79' lang='lat' dir='ltr'>sexcenties</span> <span class='ocrx_word' id='word_1_117' title='bbox 1054 694 1247 732; x_wconf 63' lang='lat' dir='ltr'>sestertium</span> <span class='ocrx_word' id='word_1_118' title='bbox 1262 696 1271 714; x_wconf 88' lang='lat'>³</span> <span class='ocrx_word' id='word_1_119' title='bbox 1290 708 1302 738; x_wconf 82' lang='lat'><em>3</em></span> <span class='ocrx_word' id='word_1_120' title='bbox 1323 694 1475 744; x_wconf 69' lang='lat' dir='ltr'>leffique</span> <span class='ocrx_word' id='word_1_121' title='bbox 1499 694 1678 731; x_wconf 86' lang='lat' dir='ltr'>senatores</span> <span class='ocrx_word' id='word_1_122' title='bbox 1698 720 1708 736; x_wconf 93' lang='lat'>‚</span> <span class='ocrx_word' id='word_1_123' title='bbox 1745 693 1808 742; x_wconf 89' lang='lat' dir='ltr'>qui</span> 
     </span>
     <span class='ocr_line' id='line_1_13' title="bbox 423 743 1808 798; baseline -0.004 -14"><span class='ocrx_word' id='word_1_124' title='bbox 423 760 547 798; x_wconf 88' lang='lat' dir='ltr'>agrum</span> <span class='ocrx_word' id='word_1_125' title='bbox 564 757 720 784; x_wconf 88' lang='lat' dir='ltr'>emerent</span> <span class='ocrx_word' id='word_1_126' title='bbox 736 749 769 782; x_wconf 70' lang='grc' dir='ltr'>ὃς</span> <span class='ocrx_word' id='word_1_127' title='bbox 785 745 988 783; x_wconf 86' lang='lat' dir='ltr'>dividerent</span> <span class='ocrx_word' id='word_1_128' title='bbox 1012 759 1020 781; x_wconf 94' lang='lat'>:</span> <span class='ocrx_word' id='word_1_129' title='bbox 1046 745 1206 782; x_wconf 88' lang='lat' dir='ltr'>additum</span> <span class='ocrx_word' id='word_1_130' title='bbox 1224 758 1370 796; x_wconf 89' lang='lat' dir='ltr'>quoque</span> <span class='ocrx_word' id='word_1_131' title='bbox 1385 744 1609 794; x_wconf 84' lang='lat' dir='ltr'>congiarium</span> <span class='ocrx_word' id='word_1_132' title='bbox 1623 746 1651 780; x_wconf 70' lang='lat'>4.</span> <span class='ocrx_word' id='word_1_133' title='bbox 1678 744 1738 780; x_wconf 91' lang='lat' dir='ltr'>Ad</span> <span class='ocrx_word' id='word_1_134' title='bbox 1756 743 1808 779; x_wconf 92' lang='lat' dir='ltr'>le-</span> 
     </span>
     <span class='ocr_line' id='line_1_14' title="bbox 425 792 1808 845; baseline -0.004 -11"><span class='ocrx_word' id='word_1_135' title='bbox 425 797 545 834; x_wconf 84' lang='lat' dir='ltr'>vanda</span> <span class='ocrx_word' id='word_1_136' title='bbox 574 796 715 845; x_wconf 86' lang='lat' dir='ltr'>imperii</span> <span class='ocrx_word' id='word_1_137' title='bbox 742 808 852 833; x_wconf 81' lang='lat' dir='ltr'>onera</span> <span class='ocrx_word' id='word_1_138' title='bbox 871 823 880 840; x_wconf 89' lang='lat'>‚</span> <span class='ocrx_word' id='word_1_139' title='bbox 915 795 1072 832; x_wconf 85' lang='lat' dir='ltr'>conflata</span> <span class='ocrx_word' id='word_1_140' title='bbox 1096 808 1139 832; x_wconf 83' lang='lat' dir='ltr'>ex</span> <span class='ocrx_word' id='word_1_141' title='bbox 1172 795 1287 832; x_wconf 86' lang='lat' dir='ltr'>aureis</span> <span class='ocrx_word' id='word_1_142' title='bbox 1325 795 1570 845; x_wconf 85' lang='lat' dir='ltr'>argenteisque</span> <span class='ocrx_word' id='word_1_143' title='bbox 1599 792 1808 830; x_wconf 85' lang='lat' dir='ltr'>Domitiani</span> 
     </span>
     <span class='ocr_line' id='line_1_15' title="bbox 424 843 1809 895; baseline -0.004 -12"><span class='ocrx_word' id='word_1_144' title='bbox 424 847 542 883; x_wconf 83' lang='lat' dir='ltr'>statuis</span> <span class='ocrx_word' id='word_1_145' title='bbox 567 847 693 895; x_wconf 87' lang='lat' dir='ltr'>ingens</span> <span class='ocrx_word' id='word_1_146' title='bbox 728 846 960 895; x_wconf 86' lang='lat' dir='ltr'>pecuniarum</span> <span class='ocrx_word' id='word_1_147' title='bbox 984 846 1049 882; x_wconf 91' lang='lat' dir='ltr'>vis.</span> <span class='ocrx_word' id='word_1_148' title='bbox 1074 845 1233 882; x_wconf 80' lang='lat' dir='ltr'>Privatas</span> <span class='ocrx_word' id='word_1_149' title='bbox 1251 858 1395 895; x_wconf 89' lang='lat' dir='ltr'>quoque</span> <span class='ocrx_word' id='word_1_150' title='bbox 1419 857 1526 893; x_wconf 89' lang='lat' dir='ltr'>opes,</span> <span class='ocrx_word' id='word_1_151' title='bbox 1551 847 1584 880; x_wconf 74' lang='grc' dir='ltr'>δε</span> <span class='ocrx_word' id='word_1_152' title='bbox 1599 843 1809 892; x_wconf 88' lang='lat' dir='ltr'>Principum</span> 
     </span>
     <span class='ocr_line' id='line_1_16' title="bbox 426 892 1809 946; baseline -0.003 -14"><span class='ocrx_word' id='word_1_153' title='bbox 426 896 560 945; x_wconf 66' lang='lat' dir='ltr'>praedia</span> <span class='ocrx_word' id='word_1_154' title='bbox 571 924 580 941; x_wconf 88' lang='lat'>,</span> <span class='ocrx_word' id='word_1_155' title='bbox 597 898 726 933; x_wconf 91' lang='lat' dir='ltr'>domos</span> <span class='ocrx_word' id='word_1_156' title='bbox 738 924 748 940; x_wconf 89' lang='lat'><strong><em>,</em></strong></span> <span class='ocrx_word' id='word_1_157' title='bbox 770 896 1025 946; x_wconf 73' lang='lat' dir='ltr'>supelleffilem</span> <span class='ocrx_word' id='word_1_158' title='bbox 1039 895 1161 932; x_wconf 83' lang='lat' dir='ltr'>Nerva</span> <span class='ocrx_word' id='word_1_159' title='bbox 1179 895 1337 932; x_wconf 82' lang='lat' dir='ltr'>distraxit</span> <span class='ocrx_word' id='word_1_160' title='bbox 1350 897 1358 915; x_wconf 87' lang='lat'><em>⁵</em></span> <span class='ocrx_word' id='word_1_161' title='bbox 1373 923 1384 939; x_wconf 89' lang='lat'>‚</span> <span class='ocrx_word' id='word_1_162' title='bbox 1406 906 1445 931; x_wconf 89' lang='lat' dir='ltr'>ut</span> <span class='ocrx_word' id='word_1_163' title='bbox 1461 893 1669 944; x_wconf 64' lang='lat' dir='ltr'>reipublicae</span> <span class='ocrx_word' id='word_1_164' title='bbox 1680 892 1809 931; x_wconf 87' lang='lat' dir='ltr'>consu-</span> 
     </span>
     <span class='ocr_line' id='line_1_17' title="bbox 425 948 1442 1016; baseline -0.001 -9"><span class='ocrx_word' id='word_1_165' title='bbox 425 948 525 984; x_wconf 86' lang='lat' dir='ltr'>leret.</span> <span class='ocrx_word' id='word_1_166' title='bbox 822 972 959 1008; x_wconf 77' lang='lat' dir='ltr'>ANNUS</span> <span class='ocrx_word' id='word_1_167' title='bbox 977 972 1023 1006; x_wconf 88' lang='lat' dir='ltr'>U.</span> <span class='ocrx_word' id='word_1_168' title='bbox 1041 970 1084 1006; x_wconf 89' lang='lat' dir='ltr'>C.</span> <span class='ocrx_word' id='word_1_169' title='bbox 1106 982 1243 1007; x_wconf 67' lang='lat' dir='ltr'>Dcccr..</span> <span class='ocrx_word' id='word_1_170' title='bbox 1273 971 1304 1006; x_wconf 84' lang='lat' dir='ltr'>J.</span> <span class='ocrx_word' id='word_1_171' title='bbox 1324 971 1360 1005; x_wconf 89' lang='lat' dir='ltr'>C.</span> <span class='ocrx_word' id='word_1_172' title='bbox 1379 981 1442 1016; x_wconf 85' lang='lat'>97.</span> 
     </span>
    </p>

    <p class='ocr_par' dir='ltr' id='par_1_3' title="bbox 427 1041 1814 1392">
     <span class='ocr_line' id='line_1_18' title="bbox 475 1041 1814 1093; baseline -0.001 -15"><span class='ocrx_word' id='word_1_173' title='bbox 475 1044 598 1080; x_wconf 70' lang='lat' dir='ltr'>Nerva</span> <span class='ocrx_word' id='word_1_174' title='bbox 625 1044 787 1093; x_wconf 88' lang='lat' dir='ltr'>Augusto</span> <span class='ocrx_word' id='word_1_175' title='bbox 817 1043 898 1087; x_wconf 87' lang='grc' dir='ltr'>ΙΙΙ,</span> <span class='ocrx_word' id='word_1_176' title='bbox 924 1045 966 1079; x_wconf 91' lang='lat' dir='ltr'>L.</span> <span class='ocrx_word' id='word_1_177' title='bbox 983 1043 1157 1093; x_wconf 86' lang='lat' dir='ltr'>Verginio</span> <span class='ocrx_word' id='word_1_178' title='bbox 1179 1043 1276 1078; x_wconf 89' lang='lat' dir='ltr'>Rufo</span> <span class='ocrx_word' id='word_1_179' title='bbox 1302 1042 1358 1078; x_wconf 92' lang='lat' dir='ltr'>III</span> <span class='ocrx_word' id='word_1_180' title='bbox 1380 1041 1598 1078; x_wconf 90' lang='lat' dir='ltr'>consulibus.</span> <span class='ocrx_word' id='word_1_181' title='bbox 1622 1041 1814 1091; x_wconf 83' lang='lat' dir='ltr'>Verginius</span> 
     </span>
     <span class='ocr_line' id='line_1_19' title="bbox 427 1091 1811 1143; baseline -0.001 -15"><span class='ocrx_word' id='word_1_182' title='bbox 427 1093 539 1129; x_wconf 82' lang='lat' dir='ltr'>Rufus</span> <span class='ocrx_word' id='word_1_183' title='bbox 565 1121 575 1137; x_wconf 87' lang='lat'>‚</span> <span class='ocrx_word' id='word_1_184' title='bbox 612 1093 732 1141; x_wconf 87' lang='lat' dir='ltr'>spreto</span> <span class='ocrx_word' id='word_1_185' title='bbox 766 1093 913 1143; x_wconf 87' lang='lat' dir='ltr'>triginta</span> <span class='ocrx_word' id='word_1_186' title='bbox 938 1104 1018 1130; x_wconf 83' lang='lat' dir='ltr'>ante</span> <span class='ocrx_word' id='word_1_187' title='bbox 1043 1105 1156 1128; x_wconf 86' lang='lat' dir='ltr'>annos</span> <span class='ocrx_word' id='word_1_188' title='bbox 1189 1092 1343 1141; x_wconf 88' lang='lat' dir='ltr'>imperio</span> <span class='ocrx_word' id='word_1_189' title='bbox 1359 1091 1371 1109; x_wconf 80' lang='lat'><strong>⁶</strong></span> <span class='ocrx_word' id='word_1_190' title='bbox 1389 1095 1423 1128; x_wconf 87' lang='lat'>&amp;</span> <span class='ocrx_word' id='word_1_191' title='bbox 1450 1092 1625 1128; x_wconf 74' lang='lat' dir='ltr'>continua</span> <span class='ocrx_word' id='word_1_192' title='bbox 1638 1091 1811 1127; x_wconf 90' lang='lat' dir='ltr'>virtutum</span> 
     </span>
     <span class='ocr_line' id='line_1_20' title="bbox 427 1141 1812 1192; baseline -0.002 -13"><span class='ocrx_word' id='word_1_193' title='bbox 427 1142 589 1179; x_wconf 88' lang='lat' dir='ltr'>claritate</span> <span class='ocrx_word' id='word_1_194' title='bbox 612 1143 814 1192; x_wconf 88' lang='lat' dir='ltr'>principem</span> <span class='ocrx_word' id='word_1_195' title='bbox 832 1143 869 1179; x_wconf 93' lang='lat' dir='ltr'>in</span> <span class='ocrx_word' id='word_1_196' title='bbox 886 1143 985 1179; x_wconf 86' lang='lat' dir='ltr'>Urbe</span> <span class='ocrx_word' id='word_1_197' title='bbox 1012 1143 1137 1179; x_wconf 91' lang='lat' dir='ltr'>locum</span> <span class='ocrx_word' id='word_1_198' title='bbox 1153 1142 1359 1185; x_wconf 84' lang='lat' dir='ltr'>adsecutus,</span> <span class='ocrx_word' id='word_1_199' title='bbox 1384 1142 1492 1178; x_wconf 86' lang='lat' dir='ltr'>tertio</span> <span class='ocrx_word' id='word_1_200' title='bbox 1523 1142 1597 1177; x_wconf 90' lang='lat' dir='ltr'>hoc</span> <span class='ocrx_word' id='word_1_201' title='bbox 1622 1141 1812 1177; x_wconf 87' lang='lat' dir='ltr'>consulatu</span> 
     </span>
     <span class='ocr_line' id='line_1_21' title="bbox 427 1190 1812 1241; baseline -0.001 -14"><span class='ocrx_word' id='word_1_202' title='bbox 427 1192 631 1241; x_wconf 69' lang='lat' dir='ltr'>perfun&amp;us</span> <span class='ocrx_word' id='word_1_203' title='bbox 650 1192 762 1236; x_wconf 90' lang='lat' dir='ltr'>obiit,</span> <span class='ocrx_word' id='word_1_204' title='bbox 783 1194 863 1229; x_wconf 73' lang='lat' dir='ltr'>cum</span> <span class='ocrx_word' id='word_1_205' title='bbox 877 1206 1009 1229; x_wconf 90' lang='lat' dir='ltr'>annum</span> <span class='ocrx_word' id='word_1_206' title='bbox 1027 1193 1169 1230; x_wconf 90' lang='lat' dir='ltr'>tertium</span> <span class='ocrx_word' id='word_1_207' title='bbox 1183 1195 1215 1229; x_wconf 69' lang='grc' dir='ltr'>ὃς</span> <span class='ocrx_word' id='word_1_208' title='bbox 1232 1191 1484 1241; x_wconf 61' lang='grc' dir='ltr'>οᾶοὲεῦῐηυη]</span> <span class='ocrx_word' id='word_1_209' title='bbox 1499 1191 1697 1228; x_wconf 78' lang='lat' dir='ltr'>exceffiffet.</span> <span class='ocrx_word' id='word_1_210' title='bbox 1712 1190 1812 1226; x_wconf 87' lang='lat' dir='ltr'>Duc-</span> 
     </span>
     <span class='ocr_line' id='line_1_22' title="bbox 427 1240 1812 1291; baseline -0.001 -13"><span class='ocrx_word' id='word_1_211' title='bbox 427 1254 504 1278; x_wconf 88' lang='lat' dir='ltr'>tum</span> <span class='ocrx_word' id='word_1_212' title='bbox 539 1242 572 1278; x_wconf 91' lang='lat' dir='ltr'>ei</span> <span class='ocrx_word' id='word_1_213' title='bbox 602 1242 787 1291; x_wconf 89' lang='lat' dir='ltr'>publicum</span> <span class='ocrx_word' id='word_1_214' title='bbox 810 1243 925 1279; x_wconf 86' lang='lat' dir='ltr'>funus.</span> <span class='ocrx_word' id='word_1_215' title='bbox 947 1243 1017 1280; x_wconf 94' lang='lat' dir='ltr'>Pro</span> <span class='ocrx_word' id='word_1_216' title='bbox 1045 1242 1162 1280; x_wconf 85' lang='lat' dir='ltr'>rostris</span> <span class='ocrx_word' id='word_1_217' title='bbox 1182 1242 1344 1278; x_wconf 84' lang='lat' dir='ltr'>laudatus</span> <span class='ocrx_word' id='word_1_218' title='bbox 1366 1241 1413 1278; x_wconf 84' lang='lat' dir='ltr'>est</span> <span class='ocrx_word' id='word_1_219' title='bbox 1433 1254 1453 1277; x_wconf 93' lang='lat' dir='ltr'>a</span> <span class='ocrx_word' id='word_1_220' title='bbox 1480 1240 1657 1278; x_wconf 91' lang='lat' dir='ltr'>Cornelio</span> <span class='ocrx_word' id='word_1_221' title='bbox 1676 1240 1812 1277; x_wconf 89' lang='lat' dir='ltr'>Tacito</span> 
     </span>
     <span class='ocr_line' id='line_1_23' title="bbox 429 1290 1814 1342; baseline -0.001 -14"><span class='ocrx_word' id='word_1_222' title='bbox 429 1291 590 1328; x_wconf 90' lang='lat' dir='ltr'>consule.</span> <span class='ocrx_word' id='word_1_223' title='bbox 621 1292 812 1341; x_wconf 84' lang='lat' dir='ltr'>Supremus</span> <span class='ocrx_word' id='word_1_224' title='bbox 838 1293 898 1329; x_wconf 89' lang='lat' dir='ltr'>hic</span> <span class='ocrx_word' id='word_1_225' title='bbox 924 1293 1052 1342; x_wconf 66' lang='lat' dir='ltr'>gloriae</span> <span class='ocrx_word' id='word_1_226' title='bbox 1083 1295 1156 1341; x_wconf 81' lang='lat' dir='ltr'>ejus</span> <span class='ocrx_word' id='word_1_227' title='bbox 1183 1292 1345 1329; x_wconf 89' lang='lat' dir='ltr'>cumulus</span> <span class='ocrx_word' id='word_1_228' title='bbox 1369 1291 1508 1329; x_wconf 82' lang='lat' dir='ltr'>acceffit</span> <span class='ocrx_word' id='word_1_229' title='bbox 1542 1291 1708 1327; x_wconf 86' lang='lat' dir='ltr'>laudator</span> <span class='ocrx_word' id='word_1_230' title='bbox 1735 1290 1814 1327; x_wconf 88' lang='lat' dir='ltr'>elo-</span> 
     </span>
     <span class='ocr_line' id='line_1_24' title="bbox 430 1341 721 1392; baseline 0.003 -15"><span class='ocrx_word' id='word_1_231' title='bbox 430 1341 672 1392; x_wconf 86' lang='lat' dir='ltr'>quentissunus</span> <span class='ocrx_word' id='word_1_232' title='bbox 694 1344 721 1378; x_wconf 90' lang='lat'>⁷.</span> 
     </span>
    </p>

    <p class='ocr_par' dir='ltr' id='par_1_4' title="bbox 428 1390 1815 1991">
     <span class='ocr_line' id='line_1_25' title="bbox 484 1390 1813 1439; baseline -0.001 -13"><span class='ocrx_word' id='word_1_233' title='bbox 484 1391 607 1427; x_wconf 86' lang='lat' dir='ltr'>Nerva</span> <span class='ocrx_word' id='word_1_234' title='bbox 630 1401 746 1428; x_wconf 88' lang='lat' dir='ltr'>autem</span> <span class='ocrx_word' id='word_1_235' title='bbox 762 1418 771 1433; x_wconf 86' lang='lat'><strong>,</strong></span> <span class='ocrx_word' id='word_1_236' title='bbox 798 1393 842 1427; x_wconf 88' lang='lat' dir='ltr'>ad</span> <span class='ocrx_word' id='word_1_237' title='bbox 860 1391 1001 1439; x_wconf 86' lang='lat' dir='ltr'>imperii</span> <span class='ocrx_word' id='word_1_238' title='bbox 1029 1403 1126 1427; x_wconf 89' lang='lat' dir='ltr'>curas</span> <span class='ocrx_word' id='word_1_239' title='bbox 1142 1392 1318 1433; x_wconf 82' lang='lat' dir='ltr'>intentus,</span> <span class='ocrx_word' id='word_1_240' title='bbox 1332 1391 1472 1427; x_wconf 63' lang='lat' dir='ltr'>afflifias</span> <span class='ocrx_word' id='word_1_241' title='bbox 1488 1392 1590 1427; x_wconf 86' lang='lat' dir='ltr'>urbes</span> <span class='ocrx_word' id='word_1_242' title='bbox 1599 1390 1813 1433; x_wconf 85' lang='lat' dir='ltr'>refovebat;</span> 
     </span>
     <span class='ocr_line' id='line_1_26' title="bbox 428 1440 1815 1491; baseline -0.001 -15"><span class='ocrx_word' id='word_1_243' title='bbox 428 1441 565 1490; x_wconf 90' lang='lat' dir='ltr'>puellas</span> <span class='ocrx_word' id='word_1_244' title='bbox 591 1442 792 1491; x_wconf 89' lang='lat' dir='ltr'>puerosque</span> <span class='ocrx_word' id='word_1_245' title='bbox 816 1442 937 1491; x_wconf 87' lang='lat' dir='ltr'>egenis</span> <span class='ocrx_word' id='word_1_246' title='bbox 961 1441 1166 1490; x_wconf 84' lang='lat' dir='ltr'>parentibus</span> <span class='ocrx_word' id='word_1_247' title='bbox 1195 1453 1297 1478; x_wconf 85' lang='lat' dir='ltr'>natos</span> <span class='ocrx_word' id='word_1_248' title='bbox 1328 1454 1391 1490; x_wconf 86' lang='lat' dir='ltr'>per</span> <span class='ocrx_word' id='word_1_249' title='bbox 1411 1441 1523 1477; x_wconf 79' lang='lat' dir='ltr'>Italiae</span> <span class='ocrx_word' id='word_1_250' title='bbox 1540 1440 1679 1489; x_wconf 90' lang='lat' dir='ltr'>oppida</span> <span class='ocrx_word' id='word_1_251' title='bbox 1695 1440 1815 1488; x_wconf 87' lang='lat' dir='ltr'>sump-</span> 
     </span>
     <span class='ocr_line' id='line_1_27' title="bbox 428 1489 1814 1540; baseline -0.001 -13"><span class='ocrx_word' id='word_1_252' title='bbox 428 1491 523 1527; x_wconf 87' lang='lat' dir='ltr'>tibus</span> <span class='ocrx_word' id='word_1_253' title='bbox 548 1491 703 1539; x_wconf 80' lang='lat' dir='ltr'>publicis</span> <span class='ocrx_word' id='word_1_254' title='bbox 731 1491 778 1527; x_wconf 89' lang='lat' dir='ltr'>ali</span> <span class='ocrx_word' id='word_1_255' title='bbox 802 1491 904 1538; x_wconf 76' lang='lat' dir='ltr'>juffit.</span> <span class='ocrx_word' id='word_1_256' title='bbox 928 1491 1039 1526; x_wconf 86' lang='lat' dir='ltr'>Simul</span> <span class='ocrx_word' id='word_1_257' title='bbox 1069 1502 1109 1527; x_wconf 90' lang='lat' dir='ltr'>ut</span> <span class='ocrx_word' id='word_1_258' title='bbox 1132 1491 1293 1540; x_wconf 88' lang='lat' dir='ltr'>pluribus</span> <span class='ocrx_word' id='word_1_259' title='bbox 1321 1490 1580 1527; x_wconf 76' lang='lat' dir='ltr'>necessitatibus</span> <span class='ocrx_word' id='word_1_260' title='bbox 1607 1489 1814 1526; x_wconf 85' lang='lat' dir='ltr'>subvenire-</span> 
     </span>
     <span class='ocr_line' id='line_1_28' title="bbox 429 1538 1813 1591; baseline -0.001 -15"><span class='ocrx_word' id='word_1_261' title='bbox 429 1550 487 1576; x_wconf 86' lang='lat' dir='ltr'>tur</span> <span class='ocrx_word' id='word_1_262' title='bbox 504 1569 513 1584; x_wconf 85' lang='lat'><strong>,</strong></span> <span class='ocrx_word' id='word_1_263' title='bbox 540 1542 649 1577; x_wconf 85' lang='lat' dir='ltr'>creati</span> <span class='ocrx_word' id='word_1_264' title='bbox 667 1541 895 1591; x_wconf 89' lang='lat' dir='ltr'>quinqueviri</span> <span class='ocrx_word' id='word_1_265' title='bbox 909 1569 917 1584; x_wconf 89' lang='lat'><strong><em>,</em></strong></span> <span class='ocrx_word' id='word_1_266' title='bbox 932 1541 993 1591; x_wconf 90' lang='lat' dir='ltr'>qui</span> <span class='ocrx_word' id='word_1_267' title='bbox 1008 1541 1157 1578; x_wconf 91' lang='lat' dir='ltr'>modum</span> <span class='ocrx_word' id='word_1_268' title='bbox 1172 1540 1327 1591; x_wconf 86' lang='lat' dir='ltr'>publicis</span> <span class='ocrx_word' id='word_1_269' title='bbox 1342 1540 1504 1589; x_wconf 75' lang='lat' dir='ltr'>impensis</span> <span class='ocrx_word' id='word_1_270' title='bbox 1518 1540 1686 1576; x_wconf 87' lang='lat' dir='ltr'>facerent.</span> <span class='ocrx_word' id='word_1_271' title='bbox 1700 1538 1813 1576; x_wconf 89' lang='lat' dir='ltr'>Sacri-</span> 
     </span>
     <span class='ocr_line' id='line_1_29' title="bbox 429 1589 1814 1642; baseline 0.001 -17"><span class='ocrx_word' id='word_1_272' title='bbox 429 1590 531 1632; x_wconf 68' lang='lat' dir='ltr'>fwia,</span> <span class='ocrx_word' id='word_1_273' title='bbox 552 1591 736 1628; x_wconf 87' lang='lat' dir='ltr'>Circenses</span> <span class='ocrx_word' id='word_1_274' title='bbox 754 1591 829 1627; x_wconf 90' lang='lat' dir='ltr'>ludi</span> <span class='ocrx_word' id='word_1_275' title='bbox 845 1620 854 1635; x_wconf 91' lang='lat'>‚</span> <span class='ocrx_word' id='word_1_276' title='bbox 874 1591 1072 1640; x_wconf 62' lang='lat' dir='ltr'>speetacula</span> <span class='ocrx_word' id='word_1_277' title='bbox 1088 1623 1096 1635; x_wconf 91' lang='lat'>,</span> <span class='ocrx_word' id='word_1_278' title='bbox 1110 1591 1250 1642; x_wconf 89' lang='lat' dir='ltr'>aliaque</span> <span class='ocrx_word' id='word_1_279' title='bbox 1269 1591 1306 1626; x_wconf 91' lang='lat' dir='ltr'>id</span> <span class='ocrx_word' id='word_1_280' title='bbox 1320 1603 1451 1640; x_wconf 80' lang='lat' dir='ltr'>genus,</span> <span class='ocrx_word' id='word_1_281' title='bbox 1470 1591 1598 1640; x_wconf 88' lang='lat' dir='ltr'>quibus</span> <span class='ocrx_word' id='word_1_282' title='bbox 1619 1589 1814 1637; x_wconf 86' lang='lat' dir='ltr'>subpriore</span> 
     </span>
     <span class='ocr_line' id='line_1_30' title="bbox 430 1639 1813 1689; baseline -0.001 -13"><span class='ocrx_word' id='word_1_283' title='bbox 430 1640 639 1688; x_wconf 84' lang='lat' dir='ltr'>Principatu</span> <span class='ocrx_word' id='word_1_284' title='bbox 662 1654 748 1689; x_wconf 89' lang='lat' dir='ltr'>opes</span> <span class='ocrx_word' id='word_1_285' title='bbox 773 1641 1105 1689; x_wconf 80' lang='lat' dir='ltr'>profundebantur,</span> <span class='ocrx_word' id='word_1_286' title='bbox 1128 1641 1346 1678; x_wconf 90' lang='lat' dir='ltr'>circumcisa.</span> <span class='ocrx_word' id='word_1_287' title='bbox 1372 1641 1470 1676; x_wconf 90' lang='lat' dir='ltr'>Dum</span> <span class='ocrx_word' id='word_1_288' title='bbox 1491 1639 1620 1676; x_wconf 87' lang='lat' dir='ltr'>talibus</span> <span class='ocrx_word' id='word_1_289' title='bbox 1642 1639 1733 1675; x_wconf 87' lang='lat' dir='ltr'>curis</span> <span class='ocrx_word' id='word_1_290' title='bbox 1753 1639 1813 1675; x_wconf 90' lang='lat' dir='ltr'>de-</span> 
     </span>
     <span class='ocr_line' id='line_1_31' title="bbox 430 1688 1813 1739; baseline 0 -15"><span class='ocrx_word' id='word_1_291' title='bbox 430 1689 611 1725; x_wconf 80' lang='lat' dir='ltr'>tinebatur</span> <span class='ocrx_word' id='word_1_292' title='bbox 627 1690 795 1739; x_wconf 86' lang='lat' dir='ltr'>Princeps</span> <span class='ocrx_word' id='word_1_293' title='bbox 810 1719 818 1733; x_wconf 88' lang='lat'>‚</span> <span class='ocrx_word' id='word_1_294' title='bbox 840 1704 948 1739; x_wconf 90' lang='lat' dir='ltr'>penes</span> <span class='ocrx_word' id='word_1_295' title='bbox 972 1693 1226 1739; x_wconf 80' lang='lat' dir='ltr'>praetorianum</span> <span class='ocrx_word' id='word_1_296' title='bbox 1253 1690 1403 1727; x_wconf 85' lang='lat' dir='ltr'>militem</span> <span class='ocrx_word' id='word_1_297' title='bbox 1421 1690 1592 1739; x_wconf 83' lang='lat' dir='ltr'>flagrabat</span> <span class='ocrx_word' id='word_1_298' title='bbox 1606 1688 1813 1724; x_wconf 88' lang='lat' dir='ltr'>Domitiani</span> 
     </span>
     <span class='ocr_line' id='line_1_32' title="bbox 431 1737 1814 1789; baseline -0.001 -15"><span class='ocrx_word' id='word_1_299' title='bbox 431 1739 652 1776; x_wconf 78' lang='lat' dir='ltr'>desiderium.</span> <span class='ocrx_word' id='word_1_300' title='bbox 685 1740 812 1777; x_wconf 83' lang='lat' dir='ltr'>Novas</span> <span class='ocrx_word' id='word_1_301' title='bbox 839 1753 984 1789; x_wconf 88' lang='lat' dir='ltr'>quoque</span> <span class='ocrx_word' id='word_1_302' title='bbox 1007 1754 1059 1776; x_wconf 87' lang='lat' dir='ltr'>res</span> <span class='ocrx_word' id='word_1_303' title='bbox 1089 1741 1303 1778; x_wconf 87' lang='lat' dir='ltr'>moliebatur</span> <span class='ocrx_word' id='word_1_304' title='bbox 1326 1740 1542 1788; x_wconf 85' lang='lat' dir='ltr'>Calpurnius</span> <span class='ocrx_word' id='word_1_305' title='bbox 1563 1738 1700 1774; x_wconf 87' lang='lat' dir='ltr'>Crassus</span> <span class='ocrx_word' id='word_1_306' title='bbox 1724 1738 1750 1774; x_wconf 68' lang='lat'>⁸.</span> <span class='ocrx_word' id='word_1_307' title='bbox 1779 1737 1814 1773; x_wconf 85' lang='lat' dir='ltr'>Is</span> 
     </span>
     <span class='ocr_line' id='line_1_33' title="bbox 431 1787 1814 1839; baseline -0.001 -15"><span class='ocrx_word' id='word_1_308' title='bbox 431 1789 670 1838; x_wconf 86' lang='lat' dir='ltr'>deprehensus</span> <span class='ocrx_word' id='word_1_309' title='bbox 689 1817 698 1833; x_wconf 92' lang='lat'>‚</span> <span class='ocrx_word' id='word_1_310' title='bbox 728 1789 971 1839; x_wconf 86' lang='lat' dir='ltr'>confessusque</span> <span class='ocrx_word' id='word_1_311' title='bbox 988 1817 998 1833; x_wconf 88' lang='lat'><strong>,</strong></span> <span class='ocrx_word' id='word_1_312' title='bbox 1026 1791 1224 1827; x_wconf 89' lang='lat' dir='ltr'>Tarentum</span> <span class='ocrx_word' id='word_1_313' title='bbox 1243 1804 1323 1826; x_wconf 91' lang='lat' dir='ltr'>cum</span> <span class='ocrx_word' id='word_1_314' title='bbox 1340 1803 1452 1826; x_wconf 85' lang='lat' dir='ltr'>uxore</span> <span class='ocrx_word' id='word_1_315' title='bbox 1481 1799 1619 1825; x_wconf 87' lang='lat' dir='ltr'>amotus</span> <span class='ocrx_word' id='word_1_316' title='bbox 1646 1787 1703 1824; x_wconf 88' lang='lat' dir='ltr'>est.</span> <span class='ocrx_word' id='word_1_317' title='bbox 1730 1787 1814 1824; x_wconf 88' lang='lat' dir='ltr'>Hac</span> 
     </span>
     <span class='ocr_line' id='line_1_34' title="bbox 429 1837 1815 1891; baseline -0.001 -17"><span class='ocrx_word' id='word_1_318' title='bbox 429 1838 607 1888; x_wconf 87' lang='lat' dir='ltr'>Principis</span> <span class='ocrx_word' id='word_1_319' title='bbox 625 1839 771 1877; x_wconf 88' lang='lat' dir='ltr'>lenitate</span> <span class='ocrx_word' id='word_1_320' title='bbox 786 1840 1025 1891; x_wconf 86' lang='lat' dir='ltr'>arrogantiam</span> <span class='ocrx_word' id='word_1_321' title='bbox 1044 1840 1141 1890; x_wconf 89' lang='lat' dir='ltr'>cepit</span> <span class='ocrx_word' id='word_1_322' title='bbox 1152 1841 1314 1877; x_wconf 85' lang='lat' dir='ltr'>AElianus</span> <span class='ocrx_word' id='word_1_323' title='bbox 1332 1839 1520 1889; x_wconf 83' lang='lat' dir='ltr'>Casperius</span> <span class='ocrx_word' id='word_1_324' title='bbox 1532 1842 1544 1859; x_wconf 86' lang='lat'><strong>⁹</strong></span> <span class='ocrx_word' id='word_1_325' title='bbox 1559 1854 1571 1882; x_wconf 80' lang='lat'>3</span> <span class='ocrx_word' id='word_1_326' title='bbox 1598 1850 1716 1888; x_wconf 89' lang='lat' dir='ltr'>eoque</span> <span class='ocrx_word' id='word_1_327' title='bbox 1741 1837 1815 1873; x_wconf 90' lang='lat' dir='ltr'>ins-</span> 
     </span>
     <span class='ocr_line' id='line_1_35' title="bbox 429 1887 1814 1938; baseline -0.001 -14"><span class='ocrx_word' id='word_1_328' title='bbox 429 1889 583 1926; x_wconf 66' lang='lat' dir='ltr'>tin&amp;ore</span> <span class='ocrx_word' id='word_1_329' title='bbox 608 1916 616 1932; x_wconf 88' lang='lat'>,</span> <span class='ocrx_word' id='word_1_330' title='bbox 652 1890 856 1926; x_wconf 86' lang='lat' dir='ltr'>Domitiani</span> <span class='ocrx_word' id='word_1_331' title='bbox 892 1890 1133 1928; x_wconf 68' lang='lat' dir='ltr'>interfeecores</span> <span class='ocrx_word' id='word_1_332' title='bbox 1163 1891 1208 1927; x_wconf 90' lang='lat' dir='ltr'>ad</span> <span class='ocrx_word' id='word_1_333' title='bbox 1238 1890 1385 1928; x_wconf 82' lang='lat' dir='ltr'>exitium</span> <span class='ocrx_word' id='word_1_334' title='bbox 1411 1889 1646 1938; x_wconf 88' lang='lat' dir='ltr'>postulantur.</span> <span class='ocrx_word' id='word_1_335' title='bbox 1675 1887 1814 1924; x_wconf 82' lang='lat' dir='ltr'>Restitit</span> 
     </span>
     <span class='ocr_line' id='line_1_36' title="bbox 430 1937 1812 1991; baseline -0.001 -17"><span class='ocrx_word' id='word_1_336' title='bbox 430 1939 577 1988; x_wconf 88' lang='lat' dir='ltr'>quidem</span> <span class='ocrx_word' id='word_1_337' title='bbox 591 1940 770 1990; x_wconf 85' lang='lat' dir='ltr'>Princeps.</span> <span class='ocrx_word' id='word_1_338' title='bbox 791 1941 843 1977; x_wconf 91' lang='lat' dir='ltr'>At</span> <span class='ocrx_word' id='word_1_339' title='bbox 857 1967 868 1986; x_wconf 90' lang='lat'>‚</span> <span class='ocrx_word' id='word_1_340' title='bbox 886 1953 932 1978; x_wconf 91' lang='lat' dir='ltr'>eo</span> <span class='ocrx_word' id='word_1_341' title='bbox 946 1941 1108 1991; x_wconf 65' lang='lat' dir='ltr'>neglefio</span> <span class='ocrx_word' id='word_1_342' title='bbox 1120 1969 1131 1987; x_wconf 90' lang='lat'>,</span> <span class='ocrx_word' id='word_1_343' title='bbox 1148 1941 1337 1980; x_wconf 88' lang='lat' dir='ltr'>Petronius</span> <span class='ocrx_word' id='word_1_344' title='bbox 1356 1939 1542 1978; x_wconf 87' lang='lat' dir='ltr'>Secundus</span> <span class='ocrx_word' id='word_1_345' title='bbox 1555 1942 1588 1976; x_wconf 74' lang='grc' dir='ltr'>δε</span> <span class='ocrx_word' id='word_1_346' title='bbox 1604 1937 1812 1976; x_wconf 88' lang='lat' dir='ltr'>Parthenius</span> 
     </span>
    </p>
   </div>
   <div class='ocr_carea' id='block_1_3' title="bbox 434 2069 1616 2139">
    <p class='ocr_par' dir='ltr' id='par_1_5' title="bbox 434 2069 1616 2139">
     <span class='ocr_line' id='line_1_37' title="bbox 469 2069 1267 2105; baseline 0.001 -8"><span class='ocrx_word' id='word_1_347' title='bbox 469 2078 477 2089; x_wconf 85' lang='lat'>¹</span> <span class='ocrx_word' id='word_1_348' title='bbox 500 2069 671 2098; x_wconf 70' lang='lat' dir='ltr'>CALUMNIA</span> <span class='ocrx_word' id='word_1_349' title='bbox 699 2075 709 2103; x_wconf 95' lang='lat'>]</span> <span class='ocrx_word' id='word_1_350' title='bbox 743 2071 783 2098; x_wconf 87' lang='lat' dir='ltr'>Ut</span> <span class='ocrx_word' id='word_1_351' title='bbox 806 2071 910 2099; x_wconf 85' lang='lat' dir='ltr'>constat</span> <span class='ocrx_word' id='word_1_352' title='bbox 948 2081 980 2100; x_wconf 81' lang='lat' dir='ltr'>ex</span> <span class='ocrx_word' id='word_1_353' title='bbox 1005 2072 1104 2100; x_wconf 81' lang='lat' dir='ltr'>Nervae</span> <span class='ocrx_word' id='word_1_354' title='bbox 1143 2071 1267 2105; x_wconf 77' lang='lat' dir='ltr'>pressum.</span> 
     </span>
     <span class='ocr_line' id='line_1_38' title="bbox 434 2103 1616 2139; baseline 0 -8"><span class='ocrx_word' id='word_1_355' title='bbox 434 2106 562 2132; x_wconf 81' lang='lat' dir='ltr'>nummis.</span> <span class='ocrx_word' id='word_1_356' title='bbox 575 2107 691 2133; x_wconf 66' lang='lat' dir='ltr'>Minime</span> <span class='ocrx_word' id='word_1_357' title='bbox 711 2114 802 2133; x_wconf 80' lang='lat' dir='ltr'>tamen</span> <span class='ocrx_word' id='word_1_358' title='bbox 815 2106 948 2134; x_wconf 84' lang='lat' dir='ltr'>sublatum</span> <span class='ocrx_word' id='word_1_359' title='bbox 959 2107 1103 2139; x_wconf 73' lang='lat' dir='ltr'>judaicum</span> <span class='ocrx_word' id='word_1_360' title='bbox 1180 2113 1187 2129; x_wconf 86' lang='lat'><em>⁵</em></span> <span class='ocrx_word' id='word_1_361' title='bbox 1210 2106 1419 2137; x_wconf 71' lang='lat' dir='ltr'>Dls‘rRAxxT]</span> <span class='ocrx_word' id='word_1_362' title='bbox 1445 2104 1503 2133; x_wconf 86' lang='lat' dir='ltr'>Dio</span> <span class='ocrx_word' id='word_1_363' title='bbox 1517 2124 1524 2134; x_wconf 85' lang='lat'>,</span> <span class='ocrx_word' id='word_1_364' title='bbox 1546 2103 1616 2132; x_wconf 89' lang='lat' dir='ltr'>ibid.</span> 
     </span>
    </p>
   </div>
   <div class='ocr_carea' id='block_1_4' title="bbox 433 2138 1812 2383">
    <p class='ocr_par' dir='ltr' id='par_1_6' title="bbox 433 2138 1812 2383">
     <span class='ocr_line' id='line_1_39' title="bbox 434 2138 1812 2180; baseline 0.001 -15"><span class='ocrx_word' id='word_1_365' title='bbox 434 2140 572 2180; x_wconf 64' lang='lat' dir='ltr'>tributum.</span> <span class='ocrx_word' id='word_1_366' title='bbox 595 2141 634 2178; x_wconf 67' lang='lat' dir='ltr'>At</span> <span class='ocrx_word' id='word_1_367' title='bbox 656 2151 711 2168; x_wconf 86' lang='lat' dir='ltr'>non</span> <span class='ocrx_word' id='word_1_368' title='bbox 725 2142 802 2169; x_wconf 82' lang='lat' dir='ltr'>licuit</span> <span class='ocrx_word' id='word_1_369' title='bbox 818 2152 982 2176; x_wconf 82' lang='lat' dir='ltr'>quemquam</span> <span class='ocrx_word' id='word_1_370' title='bbox 995 2142 1102 2174; x_wconf 81' lang='lat' dir='ltr'>Judaici</span> <span class='ocrx_word' id='word_1_371' title='bbox 1180 2143 1191 2158; x_wconf 80' lang='lat'><strong><em>⁶</em></strong></span> <span class='ocrx_word' id='word_1_372' title='bbox 1211 2142 1366 2173; x_wconf 72' lang='lat' dir='ltr'>IMPERIO]</span> <span class='ocrx_word' id='word_1_373' title='bbox 1387 2140 1463 2169; x_wconf 81' lang='lat' dir='ltr'>Vide</span> <span class='ocrx_word' id='word_1_374' title='bbox 1477 2138 1812 2174; x_wconf 83' lang='lat' dir='ltr'>SupplementumAnnal.</span> 
     </span>
     <span class='ocr_line' id='line_1_40' title="bbox 434 2176 1795 2213; baseline 0.01 -13"><span class='ocrx_word' id='word_1_375' title='bbox 434 2183 499 2201; x_wconf 78' lang='lat' dir='ltr'>ritus</span> <span class='ocrx_word' id='word_1_376' title='bbox 518 2176 654 2205; x_wconf 68' lang='lat' dir='ltr'>acculare5</span> <span class='ocrx_word' id='word_1_377' title='bbox 675 2185 702 2203; x_wconf 81' lang='lat' dir='ltr'>ut</span> <span class='ocrx_word' id='word_1_378' title='bbox 717 2177 809 2204; x_wconf 81' lang='lat' dir='ltr'>videre</span> <span class='ocrx_word' id='word_1_379' title='bbox 823 2177 861 2204; x_wconf 81' lang='lat' dir='ltr'>est</span> <span class='ocrx_word' id='word_1_380' title='bbox 873 2177 945 2210; x_wconf 82' lang='lat' dir='ltr'>apud</span> <span class='ocrx_word' id='word_1_381' title='bbox 956 2177 1081 2205; x_wconf 87' lang='lat' dir='ltr'>Dionem</span> <span class='ocrx_word' id='word_1_382' title='bbox 1094 2199 1102 2210; x_wconf 92' lang='lat'>‚</span> <span class='ocrx_word' id='word_1_383' title='bbox 1143 2176 1219 2203; x_wconf 84' lang='lat' dir='ltr'>XVI</span> <span class='ocrx_word' id='word_1_384' title='bbox 1232 2196 1239 2206; x_wconf 76' lang='lat'><strong>›</strong></span> <span class='ocrx_word' id='word_1_385' title='bbox 1259 2186 1302 2210; x_wconf 82' lang='lat'>79·</span> <span class='ocrx_word' id='word_1_386' title='bbox 1789 2208 1795 2213; x_wconf 87' lang='lat'>.</span> 
     </span>
     <span class='ocr_line' id='line_1_41' title="bbox 433 2207 1812 2244; baseline -0.001 -9"><span class='ocrx_word' id='word_1_387' title='bbox 433 2208 580 2238; x_wconf 80' lang='lat' dir='ltr'>LXV111‚</span> <span class='ocrx_word' id='word_1_388' title='bbox 594 2220 654 2244; x_wconf 73' lang='lat' dir='ltr'>pag.</span> <span class='ocrx_word' id='word_1_389' title='bbox 668 2215 728 2243; x_wconf 79' lang='lat'>769.</span> <span class='ocrx_word' id='word_1_390' title='bbox 1179 2217 1190 2233; x_wconf 90' lang='lat'>⁷</span> <span class='ocrx_word' id='word_1_391' title='bbox 1209 2211 1531 2243; x_wconf 66' lang='lat' dir='ltr'>Eroournnsslmus]</span> <span class='ocrx_word' id='word_1_392' title='bbox 1548 2210 1614 2238; x_wconf 82' lang='lat' dir='ltr'>Haec</span> <span class='ocrx_word' id='word_1_393' title='bbox 1637 2209 1732 2236; x_wconf 82' lang='lat' dir='ltr'>omnia</span> <span class='ocrx_word' id='word_1_394' title='bbox 1753 2207 1812 2235; x_wconf 85' lang='lat' dir='ltr'>Pli-</span> 
     </span>
     <span class='ocr_line' id='line_1_42' title="bbox 468 2244 1414 2283; baseline 0.003 -13"><span class='ocrx_word' id='word_1_395' title='bbox 468 2253 478 2265; x_wconf 83' lang='lat'>2</span> <span class='ocrx_word' id='word_1_396' title='bbox 500 2244 633 2283; x_wconf 63' lang='lat' dir='ltr'>LICENT]</span> <span class='ocrx_word' id='word_1_397' title='bbox 650 2246 707 2273; x_wconf 83' lang='lat' dir='ltr'>Dio</span> <span class='ocrx_word' id='word_1_398' title='bbox 723 2266 730 2276; x_wconf 89' lang='lat'><em>‚</em></span> <span class='ocrx_word' id='word_1_399' title='bbox 749 2248 801 2274; x_wconf 89' lang='lat' dir='ltr'>loc.</span> <span class='ocrx_word' id='word_1_400' title='bbox 817 2247 863 2274; x_wconf 86' lang='lat' dir='ltr'>cit.</span> <span class='ocrx_word' id='word_1_401' title='bbox 1143 2246 1204 2273; x_wconf 82' lang='lat' dir='ltr'>nius</span> <span class='ocrx_word' id='word_1_402' title='bbox 1218 2266 1226 2276; x_wconf 87' lang='lat'><em>‚</em></span> <span class='ocrx_word' id='word_1_403' title='bbox 1244 2246 1293 2280; x_wconf 85' lang='lat' dir='ltr'>Ep.</span> <span class='ocrx_word' id='word_1_404' title='bbox 1320 2247 1365 2276; x_wconf 85' lang='lat'>11,</span> <span class='ocrx_word' id='word_1_405' title='bbox 1392 2256 1414 2273; x_wconf 87' lang='lat'>1.</span> 
     </span>
     <span class='ocr_line' id='line_1_43' title="bbox 470 2277 1812 2318; baseline 0.001 -14"><span class='ocrx_word' id='word_1_406' title='bbox 470 2285 477 2302; x_wconf 90' lang='lat'>³</span> <span class='ocrx_word' id='word_1_407' title='bbox 502 2278 684 2318; x_wconf 40' lang='lat' dir='ltr'>Sex-cenrffis</span> <span class='ocrx_word' id='word_1_408' title='bbox 703 2285 917 2314; x_wconf 67' lang='grc' dir='ltr'>ςεςτεκτιυΜ]</span> <span class='ocrx_word' id='word_1_409' title='bbox 934 2282 1012 2315; x_wconf 87' lang='lat' dir='ltr'>Dio,</span> <span class='ocrx_word' id='word_1_410' title='bbox 1032 2282 1101 2311; x_wconf 88' lang='lat' dir='ltr'>ibid.</span> <span class='ocrx_word' id='word_1_411' title='bbox 1179 2282 1188 2299; x_wconf 72' lang='lat'><strong>⁸</strong></span> <span class='ocrx_word' id='word_1_412' title='bbox 1211 2281 1415 2309; x_wconf 78' lang='lat' dir='ltr'>CALPURNIUS</span> <span class='ocrx_word' id='word_1_413' title='bbox 1433 2280 1591 2310; x_wconf 67' lang='lat' dir='ltr'>Cimssus]</span> <span class='ocrx_word' id='word_1_414' title='bbox 1602 2277 1812 2309; x_wconf 81' lang='lat' dir='ltr'>Di0‚LxV111‚</span> 
     </span>
     <span class='ocr_line' id='line_1_44' title="bbox 433 2311 1278 2352; baseline 0.012 -14"><span class='ocrx_word' id='word_1_415' title='bbox 433 2311 591 2352; x_wconf 48' lang='lat' dir='ltr'>sexcenties</span> <span class='ocrx_word' id='word_1_416' title='bbox 611 2313 758 2343; x_wconf 67' lang='lat' dir='ltr'>sestertium</span> <span class='ocrx_word' id='word_1_417' title='bbox 778 2316 835 2344; x_wconf 75' lang='lat' dir='ltr'>sunt</span> <span class='ocrx_word' id='word_1_418' title='bbox 848 2317 963 2346; x_wconf 73' lang='lat' dir='ltr'>Gallicae</span> <span class='ocrx_word' id='word_1_419' title='bbox 986 2326 1102 2346; x_wconf 81' lang='lat' dir='ltr'>monetae</span> <span class='ocrx_word' id='word_1_420' title='bbox 1141 2325 1204 2350; x_wconf 75' lang='lat' dir='ltr'>pag.</span> <span class='ocrx_word' id='word_1_421' title='bbox 1219 2326 1278 2348; x_wconf 87' lang='lat'><em>770-</em></span> 
     </span>
     <span class='ocr_line' id='line_1_45' title="bbox 434 2348 1812 2383; baseline 0.001 -9"><span class='ocrx_word' id='word_1_422' title='bbox 434 2348 506 2375; x_wconf 72' lang='lat' dir='ltr'>librae</span> <span class='ocrx_word' id='word_1_423' title='bbox 523 2351 688 2383; x_wconf 63' lang='lat'>1126732015-</span> <span class='ocrx_word' id='word_1_424' title='bbox 1177 2358 1187 2375; x_wconf 84' lang='lat'>⁹</span> <span class='ocrx_word' id='word_1_425' title='bbox 1209 2352 1356 2380; x_wconf 63' lang='lat' dir='ltr'>AEmmus</span> <span class='ocrx_word' id='word_1_426' title='bbox 1383 2350 1583 2380; x_wconf 66' lang='lat' dir='ltr'>CAsrzmus]</span> <span class='ocrx_word' id='word_1_427' title='bbox 1617 2348 1683 2377; x_wconf 76' lang='lat' dir='ltr'>Haec</span> <span class='ocrx_word' id='word_1_428' title='bbox 1706 2355 1812 2383; x_wconf 83' lang='lat' dir='ltr'>quoque</span> 
     </span>
    </p>
   </div>
   <div class='ocr_carea' id='block_1_5' title="bbox 468 2382 1309 2418">
    <p class='ocr_par' dir='ltr' id='par_1_7' title="bbox 468 2382 1309 2418">
     <span class='ocr_line' id='line_1_46' title="bbox 468 2382 1309 2418; baseline 0.005 -6"><span class='ocrx_word' id='word_1_429' title='bbox 468 2390 480 2407; x_wconf 68' lang='lat'>⁴</span> <span class='ocrx_word' id='word_1_430' title='bbox 500 2382 735 2417; x_wconf 70' lang='lat' dir='ltr'>CQNGIARIUM]</span> <span class='ocrx_word' id='word_1_431' title='bbox 757 2386 789 2413; x_wconf 86' lang='lat' dir='ltr'>In</span> <span class='ocrx_word' id='word_1_432' title='bbox 809 2396 896 2416; x_wconf 80' lang='lat' dir='ltr'>nervae</span> <span class='ocrx_word' id='word_1_433' title='bbox 914 2388 1035 2416; x_wconf 82' lang='lat' dir='ltr'>nummis</span> <span class='ocrx_word' id='word_1_434' title='bbox 1056 2397 1103 2416; x_wconf 86' lang='lat' dir='ltr'>ex·</span> <span class='ocrx_word' id='word_1_435' title='bbox 1141 2386 1218 2418; x_wconf 84' lang='lat' dir='ltr'>Dio,</span> <span class='ocrx_word' id='word_1_436' title='bbox 1239 2386 1309 2416; x_wconf 84' lang='lat' dir='ltr'>ibid.</span> 
     </span>
    </p>
   </div>
  </div>
 </body>
</html>
