1952 2708
388 148 473 194 238
604 136 818 179 NOTAE
863 135 948 177 ET
978 135 1563 180 EMENDATIONES

373 215 658 268 Δ[εηαῑιι]ὲοη]ῖιίεο.
683 214 750 251 Vel
766 214 922 250 moriens
937 242 946 258 ‚
974 214 1153 264 egregiam
1170 213 1398 251 voluntatem
1416 214 1557 252 testatus
1574 215 1643 259 est3
1669 216 1776 263 &fu-
1833 233 1836 236 >

384 269 559 301 rzeraticum
579 267 665 311 plebi
680 266 815 300 Urbanae
833 264 971 311 instituit
983 265 1308 312 den.zriosfhxagenos
1322 266 1409 300 binos
1422 280 1490 300 cum
1501 268 1621 314 semtſje
1644 294 1653 309 ‚
1688 267 1777 303 Gal-

381 316 464 352 liczx:
483 326 637 352 monetae
655 314 762 350 libras
775 317 824 361 48
840 342 850 357 ,
877 327 958 349 cum
974 314 1098 348 affibus
1126 314 1277 362 aliquot.
1306 314 1396 350 Hcec
1422 326 1539 351 autem
1564 315 1601 350 in
1625 318 1697 362 ejus
1721 316 1776 352 fu-

381 378 466 401 nere
491 365 587 401 fuiffe
605 365 713 408 data,
741 376 820 400 non
848 364 934 400 vero
961 363 1105 412 smgulis
1129 363 1229 399 annis
1257 364 1448 400 emortuali
1483 365 1542 402 die
1574 365 1775 411 solvenda,

384 414 612 452 crediderim.

432 513 505 549 ΤΒ
517 513 654 550 AJAN
668 512 736 549 US
757 543 765 555 ,
795 525 838 548 ex
852 510 1031 559 Hispania
1051 511 1223 547 oriundus
1235 537 1243 552 ,
1269 511 1403 560 primus
1418 522 1621 550 exterorum
1637 539 1646 555 ,
1666 515 1775 563 impe·

380 565 438 602 rio
457 563 626 600 Romano
645 564 782 613 potitus
804 561 863 597 est.
894 560 950 597 Ne
970 562 1218 597 Romanorum
1239 560 1445 610 Principum
1467 574 1625 600 maneret
1640 564 1773 602 defide-

379 615 495 658 rium,
522 614 657 662 priores
679 613 848 649 dominos
865 611 956 647 vicit
976 610 1158 648 donorum
1177 612 1446 660 magnitudine3
1470 617 1704 662 congiariaque
1721 617 1775 650 de-

378 666 430 701 dit
455 665 782 711 nummossexagenos
803 665 1036 710 quinquagenos
1056 689 1066 704 ,
1099 661 1250 697 Gallicae
1266 674 1422 698 monetce
1444 662 1549 698 libras
1581 676 1653 709 505
1667 691 1676 706 ‚
1704 664 1774 700 ΜΓ.

379 713 598 753 Vindobon.
633 713 723 748 Noli
746 724 865 748 tamen
889 710 1084 747 existimare
1105 710 1183 747 haec
1209 711 1290 746 data
1316 711 1414 748 fuisse
1439 713 1549 749 unico
1568 713 1772 763 congiario.

379 764 504 800 Nimia
520 763 613 799 foret
623 763 767 798 summa.
786 761 958 797 Praeterea
975 761 1011 796 in
1027 763 1100 808 ejus
1111 761 1263 796 nummis
1279 761 1346 797 tria
1361 774 1603 798 memorantur
1621 764 1774 813 congia-

379 813 443 850 ria.
461 813 616 849 Primum
629 839 638 854 ,
663 812 782 861 primo
811 813 884 857 ejus
904 811 1046 859 imperii
1063 824 1160 846 anno
1177 837 1186 853 ‚
1210 811 1319 847 Urbis
1336 812 1495 848 conditae
1522 825 1662 849 Decem
1677 841 1685 855 ‚
1712 813 1774 849 da-

379 873 481 900 tum:
501 864 601 899 IMP.
620 862 759 897 CAES.
775 861 946 898 NERVA
976 860 1181 897 TRAIAN.
1203 861 1321 899 AVG.
1344 861 1497 898 GERM.
1520 862 1557 898 P.
1577 863 1716 898 NLTR.
1733 863 1773 899 P.

380 913 500 962 capite
523 913 695 948 laureato.
720 912 763 947 In
779 910 917 960 postica
935 921 1034 959 parte
1047 939 1055 953 ‚
1083 910 1255 947 COS.11.
1272 911 1309 947 P.
1334 913 1371 947 P.
1395 911 1553 948 CONG.
1570 911 1638 947 PR.
1657 912 1692 947 id
1707 911 1773 954 est,

378 963 666 1009 consulseczmdzkm
679 990 687 1003 ‚
702 975 792 1007 pater
812 965 945 1003 pazriae,
968 964 1166 1008 congiarium
1186 965 1338 1007 primum.
1358 960 1456 996 Infra
1473 961 1540 996 SC.
1563 961 1601 997 id
1615 961 1663 998 est
1685 990 1694 1004 ‚
1715 964 1774 1009 se-

378 1013 623 1058 natusconfulro.
652 1011 747 1046 Istud
779 1010 828 1047 est
858 1010 1082 1059 congiarium
1103 1041 1111 1053 ,
1136 1009 1236 1060 quod
1265 1011 1426 1046 maximis
1451 1011 1616 1047 laudibus
1645 1012 1773 1049 extulit

377 1061 516 1097 Plinius
537 1062 574 1096 in
592 1061 801 1110 Panegyric.
836 1073 915 1108 cap.
946 1070 993 1107 25
1015 1090 1024 1103 ‚
1046 1060 1116 1103 26,
1136 1073 1185 1107 27
1214 1063 1249 1097 &
1277 1063 1324 1096 28
1346 1074 1356 1103 ;
1377 1061 1445 1096 hac
1475 1061 1519 1096 de
1547 1074 1584 1097 re
1617 1062 1773 1098 omnino

378 1111 553 1160 legendus
575 1138 585 1154 ‚
629 1121 669 1146 ut
701 1115 735 1146 ὃς
763 1109 1032 1158 congiariorum
1066 1109 1158 1145 ratio
1192 1110 1434 1159 cognoscatur
1449 1137 1458 1153 ‚
1492 1114 1526 1146 δε
1551 1111 1773 1160 intelligatur

378 1172 553 1210 quantum
587 1160 722 1196 caverit
753 1161 922 1208 Princeps
951 1159 1110 1208 optimus
1131 1186 1140 1201 ,
1165 1172 1210 1195 ne
1238 1161 1316 1209 quis
1346 1160 1569 1196 liberalitatis
1606 1161 1676 1196 suae
1710 1174 1772 1197 ex-

377 1223 458 1259 pers
469 1211 578 1246 fieret.
594 1209 736 1249 Postea,
753 1210 835 1246 cum
851 1209 975 1245 consul
994 1209 1109 1245 fuiffet
1123 1209 1290 1258 quintum
1305 1237 1315 1252 ‚
1334 1210 1408 1246 duo
1429 1209 1498 1245 alia
1513 1209 1613 1246 dedit
1626 1211 1773 1258 congia-

377 1260 444 1296 ria.
465 1261 507 1296 In
525 1261 598 1304 eius
620 1259 794 1302 nummis,
816 1259 921 1295 COS.
946 1260 991 1296 V.
1015 1258 1346 1297 CONGIARIVM
1371 1259 1583 1297 SECVND.
1602 1263 1635 1296 ὃς
1662 1260 1770 1298 COS.

378 1311 426 1347 V.
445 1309 770 1346 CONGIARIVM
792 1308 1034 1345 TERTIVM.
1069 1308 1126 1344 Ne
1163 1320 1283 1345 tamen
1310 1309 1484 1346 existimes
1511 1309 1641 1346 eodem
1670 1323 1769 1348 anno

380 1359 475 1395 data.
503 1359 597 1394 Nam
612 1359 704 1395 inter
721 1358 886 1408 quintum
905 1361 938 1393 &
960 1358 1096 1394 sextum
1117 1358 1263 1405 Traiani
1287 1359 1512 1395 consulatum
1528 1372 1662 1395 novem
1684 1361 1772 1396 anni

380 1408 613 1445 intercessere.
656 1409 832 1444 Nummos
867 1407 950 1443 vide
984 1408 1081 1456 apud
1110 1409 1341 1444 Harduinum
1360 1440 1368 1451 ,
1400 1408 1488 1444 ibid.
1516 1422 1598 1458 pag.
1627 1422 1704 1457 747
1736 1414 1772 1447 ὃς

380 1458 477 1507 seqq.
513 1458 574 1493 Ad
604 1458 759 1506 primum
779 1457 927 1505 TraJani
955 1457 1180 1506 congiarium
1208 1459 1384 1505 pertinere
1419 1459 1506 1493 mihi
1541 1458 1684 1494 videtur
1701 1459 1771 1497 ele-

379 1508 578 1557 gantissima
602 1507 797 1556 Inscriptio
812 1535 821 1550 ‚
848 1520 926 1556 quoe
943 1506 1146 1542 adservatur
1171 1506 1295 1543 Romae
1321 1507 1358 1542 in
1378 1508 1508 1544 Museo
1526 1508 1686 1557 Collegii
1699 1510 1774 1546 Ro·

379 1558 496 1600 mani,
530 1569 708 1608 quamque
737 1557 924 1607 Philippus
949 1555 1118 1592 Bonanni
1152 1556 1298 1594 exhibet
1334 1557 1374 1594 in
1406 1559 1516 1606 Museo
1538 1560 1745 1595 Kirclzeriano
1758 1589 1769 1604 ‚

381 1619 465 1657 pag.
493 1619 579 1655 103.

974 1667 1021 1704 D.
1120 1668 1170 1704 M.

804 1733 1134 1766 EVTYCHETI
1185 1735 1346 1766 FILIO

768 1793 868 1829 er
918 1791 1087 1822 lerT
1134 1791 1260 1822 ANN.
1315 1793 1368 1822 vr

776 1848 982 1879 DIEBVS
1030 1849 1093 1879 VI.
1141 1849 1376 1879 INCISVS

698 1904 1001 1935 INGENVVS
1021 1905 1136 1942 QVE
1187 1904 1440 1936 ACCEPIT

825 1962 1201 1993 CONGIARIVM
1251 1963 1331 1992 XC.

847 2017 1015 2048 FECIT
1056 2019 1227 2049 PATER
1268 2018 1328 2048 BE

892 2076 960 2106 ΝΕ
1007 2076 1276 2106 MERENTL

381 2141 524 2190 Nempe
546 2141 727 2190 Eutyches
742 2168 751 2184 ‚
773 2140 947 2189 ingenuus
973 2139 1118 2188 quidem
1134 2166 1142 2181 ,
1167 2139 1228 2177 sed
1249 2138 1365 2175 infans
1384 2140 1554 2187 parvulus
1577 2167 1587 2183 ‚
1614 2141 1652 2176 in
1679 2141 1769 2178 libe-

381 2191 529 2228 ralitatis
545 2192 680 2228 refferas
704 2190 833 2226 incisus
857 2189 905 2226 est
919 2217 930 2234 ,
962 2193 995 2225 δε
1016 2191 1254 2240 Congiarium
1273 2189 1415 2239 accepit
1434 2189 1599 2226 denarios
1621 2202 1766 2229 centum

383 2241 536 2278 Gallicae
560 2251 715 2278 monetce
737 2240 845 2276 libras
870 2251 934 2287 77.

415 2325 620 2349 TRAJANUS
638 2326 694 2356 irnp-
707 2334 763 2350 ann.
774 2335 829 2350 xxx.
840 2335 931 2350 m.rrrr.
940 2325 1052 2350 d.xxv11.
1092 2325 1200 2354 Trajanis
1215 2325 1325 2353 laverung
1339 2333 1379 2352 vu
1399 2324 1456 2349 Idus
1475 2325 1562 2351 Julias.
1586 2326 1687 2353 Exceffit
1707 2325 1768 2358 Sile?

381 2358 466 2393 Cong-
484 2359 547 2385 dedi:
562 2368 639 2386 κυεῖ..
653 2361 709 2385 Hoc
723 2362 781 2392 imp.
798 2361 908 2385 muheres
925 2360 952 2384 in
962 2361 1052 2385 Termis
1092 2360 1172 2384 nunti.
