1952 2708
319 140 534 182 LIBRI
579 137 856 179 DECIMI
895 135 1324 180 ANNALIUM.
1453 152 1544 189 407

157 222 290 263 »utin
314 223 389 261 hac
411 219 570 274 imperii
591 215 875 270 literarumque
898 215 990 257 luce
1007 218 1171 271 quisque
1190 249 1203 269 ,
1227 234 1338 262 metu
1357 219 1508 262 solutus
1530 251 1544 273 ,

157 299 283 325 »vera
299 284 347 323 de
373 280 511 322 natura
531 281 675 321 sentiat
691 310 703 330 ,
726 295 803 321 nec
826 281 998 320 monstra
1015 283 1255 336 expavescat
1271 301 1291 320 »
1304 316 1312 324 .
1341 283 1434 325 Tali
1454 286 1542 339 qui-

158 349 249 388 dem
272 345 401 386 edieto
426 343 615 385 inclaruit
649 343 821 384 sideralis
853 344 1019 384 scientia
1049 349 1059 365 ¹
1091 357 1098 380 :
1131 357 1168 385 at
1197 347 1236 385 in
1261 346 1374 402 vulgi
1403 349 1544 390 animis

157 411 313 464 semper
342 407 488 449 insedit
512 408 760 463 superstiti03
790 411 830 447 &
860 422 1027 463 pavores
1062 408 1257 464 Principis
1278 410 1545 452 scrutantibus

107 484 130 524 5
159 471 293 513 oblata
310 471 537 513 sermonum
552 469 817 524 jocorumque
838 471 1015 512 materia.

221 535 407 577 XVIII.
441 535 764 576 Amommms
794 533 909 575 rebus
930 535 1045 575 novis
1068 532 1256 575 meliores
1285 535 1395 577 fuere
1412 536 1496 579 ludi
1515 543 1546 588 ²,

161 613 261 653 quos
280 597 472 639 Claudius
489 611 656 639 voverat
675 598 911 639 Britannico
931 596 1041 638 bello
1057 627 1070 648 ,
1087 613 1196 639 nunc
1220 597 1330 638 editi.
1346 599 1545 642 Laetitiam

160 663 271 703 auxit
287 663 481 717 Principis
496 660 677 716 largiti03
692 661 852 714 datique
870 666 880 690 3
900 662 1050 701 viritim
1071 659 1198 717 plebi,
1216 677 1298 716 qua:
1316 676 1365 702 ex
1380 663 1546 718 publico

159 725 403 765 frumentum
433 724 658 780 accipiebat
681 754 694 775 ‚
732 724 885 765 treceni
916 725 1128 771 nummi43
1154 724 1359 766 nonnullis
1380 725 1511 780 plures
1539 743 1548 767 ε

82 803 133 830 10
159 787 394 842 quibusdam
421 789 541 829 etiam
566 786 676 828 mille
692 788 857 828 ducenti
875 789 1161 842 quinquaginta
1178 793 1207 828 5.
1229 789 1385 829 Partem
1403 789 1548 840 Caesar,

158 864 311 907 partem
338 850 504 905 generi6
518 850 747 892 distribuere
762 880 775 901 ,
799 865 849 892 ne
874 866 943 907 per
959 850 1091 907 plures
1117 851 1200 892 dies
1221 867 1242 892 a
1257 850 1342 904 jure
1364 852 1545 894 dicundo

158 913 394 955 abstineret:
418 916 494 955 hac
521 916 562 954 in
591 930 632 955 re
655 929 872 967 numquam
901 915 1122 964 intentior,
1154 914 1270 969 quam
1301 916 1394 956 dum
1415 931 1547 967 uxor,

161 977 257 1017 duni
282 976 414 1017 liberti
432 978 566 1017 omnia
584 976 682 1018 luxu
696 1006 708 1027 ,
722 975 908 1027 libidine,
926 976 1075 1018 scelere
1091 977 1324 1020 miscebant.
1346 978 1428 1019 Sub
1452 981 1547 1020 anni

159 1041 283 1081 finem
319 1040 425 1081 diem
445 1040 720 1082 Saturnalibus
756 1055 778 1082 a
810 1040 911 1082 Caio
933 1041 1140 1091 additum,
1169 1042 1302 1097 postea
1331 1043 1514 1082 omiffum
1534 1072 1550 1093 2

83 1115 98 1142 ι
108 1114 130 1155 5
162 1105 330 1144 restituit
347 1108 377 1144 ⁷.

209 1167 338 1208 XIX.
369 1168 499 1208 N1H1L
515 1164 776 1209 memorabile
791 1167 832 1207 in
846 1167 1064 1223 provinciis
1076 1168 1240 1222 gestum.
1251 1168 1404 1225 Cuspio
1415 1169 1551 1219 Fado,

160 1230 302 1274 Judaeae
318 1232 568 1286 procuratori
583 1260 597 1282 ,
626 1230 824 1272 successor
843 1231 956 1271 datus
985 1231 1039 1270 est
1058 1231 1243 1272 Tiberius
1258 1231 1487 1272 Alexander
1505 1229 1519 1254 ²³
1536 1261 1550 1282 ‚

161 1307 272 1349 patre
294 1293 458 1345 Judaeo,
486 1293 738 1335 Alexandria:
754 1291 980 1334 Alabarcha
996 1297 1012 1321 9
1028 1323 1041 1344 ,
1066 1295 1250 1348 genitu33
1274 1296 1549 1336 Romanarum

160 1370 292 1396 rerum
320 1358 432 1397 tanto
460 1358 690 1407 studiosior,
712 1356 821 1411 quod
840 1373 862 1398 a
882 1357 1018 1414 patriis
1046 1357 1163 1398 sacris
1180 1357 1392 1399 defecerat.
1425 1358 1548 1399 Haud

77 1436 133 1462 20
161 1420 316 1460 minore
339 1419 513 1463 Judaicae
545 1421 676 1475 gentis
698 1419 826 1475 gloria
848 1458 862 1479 9
903 1419 1020 1475 quam
1047 1419 1222 1462 utilitate
1239 1451 1254 1471 ,
1281 1421 1548 1463 ἀεῖεᾶἰοηεηῑ

203 1557 211 1569 ’
236 1553 406 1583 S1D1-:RAL18
438 1554 616 1591 semmua]
650 1553 718 1583 Huc
754 1553 836 1585 forte
913 1554 926 1571 ⁶
950 1553 1070 1584 GENER]
1096 1558 1106 1589 ]
1138 1553 1201 1585 Dio
1236 1578 1245 1589 ‚
1286 1554 1364 1584 ibid.
1405 1556 1548 1586 Genetos

161 1592 272 1631 spectat
295 1594 432 1628 Seneca,
463 1593 602 1623 Natural.
628 1593 727 1631 quaest.
750 1595 806 1624 Vll
827 1617 836 1630 ,
875 1592 1017 1629 Claudii,
1033 1595 1094 1624 Cn.
1110 1593 1293 1638 Pompeium
1308 1595 1549 1634 Magnum&L.

162 1642 214 1670 25.
237 1631 366 1660 Nondum
377 1632 446 1670 sum
460 1632 528 1661 anni
544 1632 616 1662 mille
627 1632 787 1672 quingenti,
803 1643 837 1662 ex
874 1633 999 1662 Junium
1011 1633 1150 1663 Silanum
1164 1633 1300 1664 vldimus
1318 1634 1405 1672 supra
1425 1634 1457 1663 in
1471 1637 1551 1673 διιρη

161 1681 212 1709 quo
228 1669 342 1700 Graecicz
876 1672 1036 1709 plememo
1052 1673 1164 1702 Annal.
1176 1675 1218 1702 lX
1229 1697 1237 1709 ‚
1258 1683 1309 1711 25.

914 1717 925 1735 Τ
949 1712 1145 1749 Βεετιτυιτ]
1168 1712 1231 1742 Dio
1252 1736 1260 1747 ‚
1291 1712 1369 1742 ibid.
1404 1712 1451 1743 De
1476 1712 1550 1750 dic,

876 1760 968 1789 quem
984 1751 1078 1781 Caius
1103 1752 1315 1782 Saturnalibus
1339 1751 1479 1787 addidit,
1501 1752 1552 1781 di-

875 1789 975 1820 ximus
1004 1790 1090 1829 supra
1121 1790 1153 1819 in
1177 1791 1400 1828 Supplemento
1438 1792 1550 1821 Annal.

876 1831 931 1859 Vll
949 1853 957 1866 ‚
981 1840 1030 1867 24.
1046 1830 1113 1860 Post
1131 1830 1194 1867 ejus
1208 1830 1322 1860 caedem
1340 1829 1438 1860 fuerat
1459 1831 1552 1861 omis-

228 1732 310 1757 stellis
324 1741 430 1758 numeros
447 1734 473 1758 ἐν
495 1733 589 1758 nomina
599 1733 667 1766 fecit.

161 1785 312 1826 Mulraeque
333 1788 410 1818 hodie
423 1789 492 1827 fimt
504 1798 603 1828 gentes
617 1812 628 1826 ‚
647 1799 705 1827 quae
731 1798 837 1818 rantum

152 1826 232 1862 frisie
254 1827 379 1856 noverim
395 1828 489 1857 caelum
505 1852 514 1865 ‚
529 1837 588 1867 quae
611 1828 728 1857 nondum
741 1829 837 1867 sciant

161 1876 210 1893 cut·
222 1865 304 1894 Luna
323 1865 433 1905 deficiat
446 1891 455 1905 ‚
474 1878 557 1906 quare
577 1866 757 1898 obumbretur.
779 1868 837 1896 Hoc

160 1904 234 1941 apud
263 1914 313 1934 nos
347 1916 446 1945 quoque
462 1917 548 1944 nuper
574 1907 644 1936 ratio
677 1906 714 1935 ad
737 1917 836 1937 certum

160 1943 299 1981 perduxit.
478 1964 484 1970 ·

202 1987 213 2000 ²
237 1985 322 2014 Lum
342 1985 356 2022 ]
373 1984 436 2015 Dio
455 2008 463 2019 ‚
480 1985 557 2019 LX,
577 1994 646 2024 pag.
660 1988 730 2016 682.

203 2029 214 2049 3
238 2023 408 2061 DATIQUE]
425 2024 488 2054 Dio
503 2046 512 2059 ,
530 2023 608 2054 ibid.

200 2066 215 2084 4
236 2063 381 2093 ancmu
403 2064 536 2100 ΝυΜΜῙ]
561 2062 689 2093 Gallicae
702 2073 835 2094 monetae

162 2101 249 2131 librae
285 2102 354 2132 sunt
382 2105 428 2140 58.
455 2103 525 2132 Hoc
553 2102 747 2140 congiarium
768 2113 835 2133 me-

161 2149 264 2171 morat
281 2141 337 2171 Ms.
357 2140 611 2172 Vindobonenfis
624 2164 632 2177 ,
647 2149 680 2171 ut
703 2141 836 2172 diximus

162 2179 248 2217 supra
273 2190 340 2219 pag.
363 2185 433 2218 236.
465 2182 499 2210 In
522 2192 560 2212 eo
586 2180 730 2219 expensas
751 2180 836 2212 suiffe

163 2227 298 2249 monetae
315 2220 442 2250 Gallica:
458 2220 551 2250 libras
570 2230 753 2259 ¹5⁷0002000
765 2244 774 2258 ,
786 2230 837 2251 aut

163 2258 314 2296 amplius,
345 2260 539 2290 manifestum
564 2261 614 2289 est.

198 2302 212 2340 ,ἱ
249 2297 352 2328 Muta
395 2310 530 2330 DUCENTI
564 2310 799 2334 QmuQuAcmi-sx
822 2301 835 2337 ]

165 2335 228 2365 Dio
243 2359 253 2371 ‚
274 2336 352 2367 ibid.
385 2339 488 2370 Librae
504 2346 608 2370 autem
625 2339 694 2371 lunt
710 2339 837 2370 Gallico:

165 2383 302 2406 monetae
327 2387 397 2415 243.

875 1868 931 1898 sus.

917 1908 928 1926 ³
951 1908 1105 1938 Tissssums
1134 1910 1333 1939 ALEXANDER
1366 1910 1381 1946 ]
1429 1908 1552 1947 Joscph.

876 1946 984 1986 Antiq.
1006 1948 1075 1977 Jud.
1096 1949 1154 1978 XX
1174 1971 1183 1985 ‚
1215 1959 1242 1987 5.
1274 1948 1328 1977 Iste
1346 1948 1386 1977 est
1406 1947 1552 1978 Tiberius

876 1986 1053 2016 Alexander
1071 2010 1080 2024 ‚
1113 1997 1205 2026 quem
1236 1995 1443 2017 memoratum
1465 1987 1551 2016 vidi-

876 2036 942 2056 mus
970 2026 1055 2064 supra
1087 2027 1200 2056 Annal.
1222 2028 1278 2057 XV
1296 2049 1304 2061 ‚
1325 2029 1374 2057 28.
1398 2028 1432 2058 ὅ(
1446 2027 1551 2066 postea.

876 2065 952 2103 saepe
964 2065 996 2094 in
1009 2065 1211 2096 Historiarum
1224 2066 1319 2095 libris.

916 2110 928 2127 9
952 2107 1171 2134 ALEXANDRIAE
1200 2108 1397 2135 ALABARcuA
1424 2106 1437 2141 ]
1476 2105 1550 2136 Ale-

877 2144 995 2173 xander
1028 2167 1037 2179 ‚
1081 2143 1202 2174 Tiberii
1235 2144 1404 2174 Alexandri
1432 2153 1517 2183 pater
1539 2169 1550 2182 ‚

877 2183 1071 2213 Alexandriae
1087 2183 1229 2214 omnium
1255 2194 1368 2223 genere
1387 2184 1421 2214 &
1437 2183 1549 2222 opibus

878 2222 991 2260 primus
1014 2222 1124 2252 fuerat.
1146 2221 1266 2261 joseph.
1289 2224 1350 2254 loc.
1366 2223 1418 2253 cit.
1443 2225 1549 2254 Portas

878 2261 986 2300 templi
1011 2262 1289 2300 Hierosolymitani
1306 2272 1380 2292 auro
1402 2271 1550 2301 argento-

878 2311 938 2339 que
953 2301 1123 2332 vestiverat.
1140 2301 1262 2340 Joseph.
1279 2302 1355 2332 Bell.
1374 2301 1444 2333 Jud.
1459 2304 1484 2332 V
1497 2325 1504 2335 ‚
1522 2312 1548 2340 ς,

879 2350 962 2370 num.
981 2350 1006 2377 3.
1016 2341 1199 2371 Alabarchia
1210 2350 1313 2371 autem
1325 2349 1388 2371 erat
1400 2341 1549 2378 praecipua

878 2380 1055 2412 Judaeorum
1067 2380 1352 2412 Alexandrinorum
1364 2380 1510 2419 dignitas.

1565 232 1681 247 π

1565 272 1596 296 Α.
1609 273 1637 295 U.
1651 272 1680 295 C.

1589 322 1660 356 798.

1593 375 1614 398 J.
1625 375 1657 398 c.

1599 428 1650 457 45·
