1952 2708
398 173 486 213 252
593 155 816 199 NoTAE
857 155 944 198 ET
990 152 1578 199 EMENDATIONES

443 237 575 271 ALIUD
605 244 747 270 novun
776 244 911 270 AGMEN
934 235 945 281 ]
974 233 1112 283 Lipsius
1140 246 1159 270 e
1180 233 1246 269 Ms.
1272 233 1364 269 aliud
1388 234 1475 270 nobis
1514 246 1637 283 agmen.
1669 234 1786 281 Quod

396 284 568 334 probavit
591 286 625 320 &
650 282 765 320 edidit
784 283 953 321 Pichena.

446 335 494 370 SE
522 345 628 370 ANTE
658 333 893 369 CICERONEM
917 336 934 378 ]
961 331 1099 368 Frustra
1132 342 1246 369 tentat
1277 332 1613 376 Schurzfleischius,
1644 332 1678 380 fi
1711 345 1787 368 ante

399 385 577 419 Ciceronem
603 396 665 417 non
691 393 831 418 numeret
849 383 896 429 ft·
922 383 1061 429 Nempe
1086 381 1138 416 isti
1161 381 1384 424 scholastici,
1415 383 1477 431 qui
1500 393 1620 418 vetera
1640 382 1786 429 sperne-

395 433 507 476 bant,
537 431 725 482 praesentia
749 431 966 474 laudabant,
997 430 1032 468 se
1058 431 1328 481 anteponebant
1353 431 1551 477 Ciceroni,
1574 431 1788 468 Gabiniano

397 482 679 532 postponebant.

453 582 559 618 CAP.
578 581 729 619 XXVII.
747 582 928 619 MfflATus
945 584 962 627 ]
984 579 1061 616 Mff.
1081 580 1198 617 Vatic.
1219 582 1332 616 iratus.
1353 581 1396 617 In
1415 580 1595 618 veteribus
1613 581 1789 618 editioni-

397 631 481 675 bus,
497 636 631 669 miratus
643 647 656 667 :
672 636 773 667 iratus
788 643 956 680 antequam
971 633 1038 666 δερ.
1053 630 1189 679 Lipsius
1203 644 1222 668 e
1237 631 1394 680 quodam
1410 630 1506 667 libro
1522 631 1644 667 laudat
1656 633 1788 678 ‚paullo

400 684 473 717 ante*
492 681 604 729 dixisti
618 712 625 724 ,
643 683 739 728 plane*
757 684 882 717 mitiore
897 683 962 717 δίε.
981 693 1048 718 nec
1063 681 1150 717 loco
1168 681 1353 718 sanitatem
1368 680 1465 718 fecit.
1485 681 1575 718 Inde
1593 681 1788 718 emendan-

400 730 485 766 dum
501 731 737 778 conjicerem,
757 732 863 778 causas
881 733 1094 780 exquirimus,
1114 744 1191 780 quas
1209 743 1238 767 te
1247 733 1381 778 filitum
1398 732 1536 767 trafiare
1549 759 1559 774 ,
1582 732 1694 778 paullo
1713 731 1789 767 ante

399 780 510 828 dixisti
522 809 531 824 ,
543 782 638 827 plane*
654 784 778 816 mitiore
794 782 971 829 eloquentia
984 806 992 821 ‚
1014 781 1237 827 &temporum
1254 781 1442 829 nostrorum,
1461 784 1562 817 iratus
1576 792 1742 829 antequam
1758 792 1790 816 te

400 831 487 877 Aper
512 834 579 868 &o
607 830 723 867 Aliter
742 830 902 867 tentabat
916 830 1127 874 Acidalius,
1147 831 1283 878 fhlitum
1305 832 1442 867 tranare
1462 832 1572 877 paullo
1593 842 1665 866 ante
1688 831 1789 877 dixis-

400 883 450 923 ti,
469 880 548 927 sane)
574 883 699 916 mitiore
723 880 900 929 eloquentia
916 909 927 924 ,
958 882 994 916 ἔπ’
1023 892 1195 926 temporum
1222 879 1396 928 nostrorum
1415 911 1423 924 ‚
1454 879 1616 930 intellige
1640 882 1790 929 eloquen-

400 933 480 965 tiam
496 957 505 973 ‚
534 934 691 971 miratus,
720 943 890 979 antequam
912 933 978 966 &c.
1002 929 1182 973 Schelius,
1203 931 1299 976 plane
1323 933 1431 965 mitior
1452 932 1488 966 ξφ
1511 933 1693 979 eloquentiae
1715 943 1790 965 tem-

398 993 511 1026 porum
537 981 710 1027 nostrorum
735 993 797 1015 non
820 984 946 1024 iratus,
975 992 1145 1028 antequam
1166 983 1232 1017 &a
1262 979 1528 1029 Schultingius,
1559 993 1636 1028 quas
1658 991 1687 1016 te
1704 981 1790 1026 fiali-

401 1041 470 1064 tum
497 1031 634 1065 tranare
660 1031 808 1076 publice,
837 1033 966 1078 antiquo
991 1032 1088 1076 plane
1115 1043 1199 1065 more
1216 1056 1226 1072 ,
1255 1030 1290 1064 ἔπ’
1319 1030 1496 1078 eloquentia⁷
1523 1043 1584 1064 non
1616 1041 1793 1076 temporum

401 1079 577 1125 nostrorum
593 1107 601 1122 ,
623 1081 698 1125 sum
721 1083 880 1122 miratus,
906 1091 1074 1127 antequam
1096 1091 1125 1114 te
1147 1080 1234 1124 Aper
1261 1079 1446 1125 offenderet,
1474 1083 1607 1128 majores
1637 1079 1709 1127 istos
1736 1083 1792 1114 in-

400 1128 544 1175 ceffendo.
584 1128 771 1165 Audacior
799 1129 918 1164 adhuc
949 1127 1285 1171 Schurzfleischius,
1324 1130 1431 1176 causas
1461 1132 1681 1177 exquirimus,
1713 1142 1790 1177 quas

399 1181 447 1213 ais
469 1190 498 1213 te
513 1180 649 1226 fhlitum
671 1181 820 1215 trabi‘are.
839 1180 979 1214 Paulum
1000 1182 1081 1215 enim
1103 1191 1132 1214 te
1149 1190 1334 1224 anteponere
1355 1182 1488 1215 nitorem
1512 1180 1694 1228 eloquentiae
1715 1191 1791 1219 tem-¹

396 1241 513 1274 porum
540 1228 716 1275 nostrorum
732 1230 808 1275 sum
831 1240 946 1273 ratus,
976 1241 1144 1277 antequam
1169 1231 1237 1265 δίε.

455 1277 607 1313 APRINA
638 1290 928 1314 DISPUTATIONE
952 1283 969 1325 ]
999 1279 1094 1314 Bene
1122 1277 1270 1326 Lipfius.
1295 1277 1339 1314 In
1360 1278 1437 1314 Mff.
1465 1279 1577 1315 Vatic.
1602 1281 1636 1316 &
1661 1277 1790 1317 editio-

401 1326 506 1363 nibus
532 1327 710 1363 veteribus
726 1356 734 1371 ,
755 1343 785 1364 -a
808 1329 927 1373 prima.
956 1327 1084 1364 Mallet
1107 1327 1320 1363 Gronovius
1337 1356 1348 1372 ,
1376 1330 1459 1376 Apri
1483 1329 1592 1376 nostri.

450 1377 723 1413 PERsTfflNGET
744 1381 762 1423 ]
791 1377 979 1414 Editiones
1004 1388 1163 1420 veteres,
1189 1377 1390 1426 perstringit.

451 1425 507 1461 ET
537 1439 619 1462 cum
649 1440 699 1463 DE
728 1439 909 1469 ANTIQUIS
935 1431 953 1473 ]
981 1429 1079 1465 Bene
1102 1426 1237 1476 Lipfius
1258 1439 1278 1463 e
1298 1427 1364 1466 Ms.
1395 1428 1432 1464 A
1455 1428 1635 1465 veteribus
1658 1427 1789 1466 editio-

400 1474 506 1511 nibus
534 1475 685 1519 absunt,
715 1478 752 1512 ἓν
774 1491 853 1512 cum.

454 1526 488 1561 A
515 1538 593 1567 QUA
614 1529 631 1573 ]
659 1526 704 1562 In
728 1526 805 1564 Mss.
828 1526 946 1564 Vatic.
966 1529 998 1564 ὃς
1016 1526 1239 1565 editionibus
1258 1527 1437 1566 veteribus
1456 1527 1549 1565 deest
1567 1528 1791 1578 praepofitios

449 1624 559 1661 CAP.
588 1626 757 1664 XXVIII.
785 1628 947 1664 ETIAmsI
975 1640 1061 1664 MIHI
1086 1633 1103 1675 ]
1133 1628 1188 1665 Ita
1210 1628 1345 1678 Lipsius
1374 1641 1394 1665 e
1428 1627 1496 1664 Ms.
1528 1628 1567 1664 in
1603 1640 1702 1679 quo,
1730 1639 1786 1665 ete-

401 1677 467 1709 nim
489 1678 560 1722 jam
576 1676 610 1723 fi
628 1678 716 1711 mihi.
742 1676 888 1714 Veteres
909 1678 1108 1722 editiones,
1137 1680 1174 1715 ὃν
1192 1682 1267 1728 jam
1290 1680 1379 1714 mihi.

448 1725 507 1760 ΑΒ
536 1737 619 1761 1sTA
649 1738 800 1762 VETERE
824 1731 841 1772 ]
875 1729 1033 1764 Muretus
1057 1728 1202 1772 mallet,
1230 1729 1269 1764 ab
1297 1729 1358 1764 ilici
1381 1739 1496 1764 vetere.

453 1773 611 1810 NOSTRA
642 1787 750 1811 Nonis
779 1780 796 1822 ]
829 1776 974 1814 Veteres
1009 1777 1211 1822 editiones,
1240 1777 1344 1826 vestra
1370 1779 1478 1822 vohis.v
1496 1777 1540 1813 In
1567 1775 1644 1812 Mff.
1671 1776 1789 1813 Vatia

401 1826 435 1859 δε
460 1823 680 1868 Beroaldus,
715 1826 822 1873 nostra
846 1828 946 1862 vohis.
974 1826 1206 1864 Recentiores
1222 1854 1231 1871 ,
1261 1827 1367 1875 nostra
1391 1829 1491 1863 nobis.

453 1873 511 1908 ET
539 1886 596 1910 ffls
627 1880 836 1922 PROPRHS]
866 1876 992 1913 Mallet
1016 1877 1144 1914 Illustr.
1171 1877 1349 1918 Huetius,
1379 1877 1415 1912 ξς
1438 1879 1508 1911 huic
1527 1877 1677 1924 propriis.
1699 1875 1791 1913 Mox

401 1922 497 1959 enim
526 1937 605 1972 cap.
622 1925 692 1974 seq.
718 1929 853 1972 propria
878 1927 914 1961 ἐφ’
934 1929 1112 1972 peculiaria
1139 1930 1231 1971 liujus
1260 1928 1353 1962 Urbis
1378 1929 1473 1964 vitia.

451 1973 626 2010 EJUSDEM
654 1987 821 2011 FAMiLIAE
848 1979 864 2021 ]
896 1975 992 2012 Bene
1009 1976 1085 2012 Mss.
1109 1976 1225 2013 vatic.
1246 1975 1432 2025 Perper-am
1456 1976 1493 2011 in
1512 1975 1690 2012 veteribus
1715 1974 1789 2011 edi-

400 2022 580 2066 tionibus,
608 2026 780 2071 cujusdam.
803 2025 912 2061 Unde
936 2025 973 2060 in
995 2026 1254 2062 recentioribus
1277 2026 1528 2069 emendatum,
1553 2026 1738 2071 cujuspiam.

455 2073 545 2108 NON
574 2085 718 2110 STUDIA
748 2087 861 2111 mono
891 2088 1090 2118 CURASQUE
1116 2080 1133 2121 ]
1165 2077 1261 2112 Bene
1287 2075 1363 2112 Mff.
1389 2079 1423 2112 δε
1452 2074 1630 2114 editiones
1652 2081 1789 2111 veteres

402 2124 437 2157 ὅ(
463 2123 693 2162 recentiores.
711 2125 909 2162 Beroaldus
927 2153 936 2170 ,
966 2128 1137 2174 morasque.
1163 2126 1264 2168 Alii,
1290 2126 1456 2174 moresque.

454 2218 560 2256 CAP.
605 2221 732 2260 XXIX.
770 2225 960 2260 LASCIV1AE
998 2236 1048 2260 ET
1089 2230 1346 2271 LIBERTATI]
1390 2223 1496 2260 Reffie
1536 2222 1619 2258 libri
1663 2233 1787 2258 ornnes

399 2267 501 2305 editi.
530 2270 662 2318 Lipsius
689 2285 707 2308 e
729 2273 850 2310 nescio
879 2286 952 2323 quo
975 2284 1095 2310 vetere
1120 2274 1240 2316 libro,
1273 2276 1309 2310 ὃ
1336 2275 1511 2309 bibacitati.

451 2319 629 2363 QUANDO
660 2334 779 2358 ETIAM
800 2328 817 2369 ]
848 2324 904 2358 Ita
922 2323 1005 2358 libri
1027 2336 1151 2359 omnes
1173 2323 1272 2359 editi.
1296 2324 1339 2358 In
1356 2323 1427 2358 Mss
1440 2322 1554 2357 Vatic.
1577 2322 1652 2367 quin
1677 2323 1788 2357 etiam.

452 2366 515 2405 Sm
543 2380 754 2418 Amznioue
786 2378 1082 2420 CONTEMPTUS]
1114 2373 1293 2423 Corrupte
1331 2382 1467 2411 veteres
1501 2370 1708 2416 editiones,
1732 2371 1788 2417 sui
