1952 2708
595 163 634 205 A
677 166 717 205 G
752 166 793 205 R
828 164 850 205 I
889 165 926 204 C
960 166 1000 206 O
1033 167 1070 207 L
1104 166 1156 210 A.
1488 186 1569 226 103

242 245 497 292 XXXVII.
531 243 600 284 ET
621 244 830 293 Britanni,
857 244 925 297 qui
943 244 1075 285 adhuc
1096 261 1239 301 pugnae
1263 263 1445 307 expertes
1467 253 1574 296 sum-

181 327 245 354 ma
269 310 438 353 collium
456 308 703 357 insederant,
726 310 767 348 &
786 307 1030 363 paucitatem
1050 309 1274 350 nostrorum
1295 317 1414 355 vacui
1438 322 1448 339 ¹
1473 317 1576 374 sper.

180 374 358 424 nebant,
385 373 550 428 degredi
580 369 818 428 paullatim,
855 373 896 411 δε
934 371 1148 412 circumire
1174 384 1286 428 terga
1320 377 1574 426 vincentium

181 438 466 494 coeperantzni
485 436 657 492 idipsum
683 435 832 476 veritus
849 433 1043 489 Agricola
1067 448 1237 489 quatuor
1265 439 1443 491 equitum
1469 442 1549 485 alas
1557 474 1572 496 ,

126 511 152 551 5
182 501 232 542 ad
254 500 379 542 subita
403 499 499 542 belli
521 513 693 540 retentas
708 528 721 549 ‚
754 496 1009 539 venientibus
1037 498 1281 554 opposuiffet
1295 528 1309 550 ,
1339 504 1571 559 quantoque

180 564 630 606 ferociuSaccurrerant
641 591 655 614 ,
678 564 792 603 tanto
813 563 940 603 acrius
964 560 1100 618 pulsos
1123 563 1164 602 in
1185 561 1323 618 fugam
1344 564 1571 617 disjecisset.

179 627 242 669 Ita
273 627 484 669 confilium
520 627 804 668 Britannorum
835 627 876 666 in
910 625 1017 681 ipsos
1053 625 1235 667 versum:
1265 628 1572 685 transve&aeque

179 706 381 748 praecepto
405 691 517 732 ducis
546 706 567 731 a
589 690 723 731 fronte
744 690 1011 746 pugnantium
1032 688 1100 731 alae
1128 693 1143 710 ²
1158 719 1173 741 ,
1199 691 1377 733 aversam
1399 693 1570 736 hostium

179 756 311 796 aciem
331 755 524 796 invasere.
545 755 651 795 Tum
679 760 776 795 vero
812 752 1039 811 patentibus
1072 752 1175 794 locis
1205 755 1354 810 grande
1385 759 1425 796 ὅ(
1456 769 1572 799 atrox

101 835 153 863 10
181 817 475 874 spectaculum:
498 818 633 872 sequi,
657 816 893 868 vulnerare,
918 831 1084 873 capere,
1112 830 1229 872 atque
1253 819 1435 870 eosdem,
1460 819 1573 862 obla-

178 883 230 923 tis
250 881 356 933 aliis,
375 881 588 923 trucidare.
605 882 695 926 Jam
714 882 910 932 hostium,
933 893 1052 937 prout
1073 882 1217 935 cuique
1238 883 1445 938 ingenium
1465 898 1570 936 erat,

180 959 348 986 caterva:
371 959 612 986 armatorum
634 950 644 974 ³
669 943 923 1001 paucioribus
944 957 1056 998 terga
1078 945 1274 1000 praestare,
1295 946 1455 1000 quidam
1471 949 1573 995 iuer-2,

178 1023 263 1049 mes
285 1007 393 1050 ultro
420 1024 533 1049 ruere
550 1038 562 1059 ,
599 1024 645 1050 ac
680 1008 719 1049 se
744 1009 865 1049 morti
892 1009 1049 1049 offerre.
1081 1008 1219 1048 Passim
1247 1023 1381 1060 arma,
1410 1014 1451 1052 ὃς
1480 1026 1572 1052 cor-

179 1086 303 1127 pora,
326 1076 367 1113 &
391 1071 513 1113 laceri
540 1085 644 1113 artus
659 1102 671 1123 ,
694 1076 734 1113 &
757 1085 918 1113 cruenta
946 1073 1117 1112 humus:
1143 1075 1183 1112 ὅ(
1209 1071 1424 1126 aliquando
1449 1076 1571 1116 etiam

100 1146 150 1185 15
180 1136 292 1176 viciis
315 1137 370 1176 ira
392 1136 615 1189 virtusque:
640 1137 843 1191 postquam
864 1135 968 1174 silvis
991 1136 1386 1190 appropinquarunt,
1415 1136 1571 1179 collec-

181 1199 232 1249 ti,
254 1200 403 1254 primos
425 1199 695 1252 sequentium,
715 1200 899 1238 incautos
923 1201 963 1237 &
986 1196 1174 1238 locorum
1194 1199 1375 1254 ignaros,
1396 1201 1570 1242 circum-

180 1261 410 1302 veniebant.
432 1262 558 1316 Quod
585 1263 624 1301 ni
650 1261 833 1314 frequens
854 1260 1001 1314 ubique
1019 1260 1214 1313 Agricola
1228 1291 1240 1311 ,
1263 1261 1415 1304 validas
1439 1267 1479 1305 ὅ(
1501 1279 1570 1305 ex<

180 1325 334 1380 peditas
361 1326 550 1366 cohortes
573 1324 771 1378 indaginis
800 1323 956 1373 modo,
987 1327 1027 1363 ὅ(
1054 1323 1176 1363 sicubi
1214 1326 1378 1366 arffiora
1412 1340 1525 1368 erant
1553 1355 1568 1379 ‚

178 1401 332 1443 partem
358 1389 536 1442 equitum
551 1416 564 1437 ,
591 1388 748 1428 dimiffis
775 1388 885 1441 equis
900 1416 911 1436 ‚
933 1384 1045 1426 simul
1067 1387 1234 1428 rariores
1251 1386 1364 1429 siivas
1391 1391 1567 1443 equitem

95 1468 152 1495 20
180 1450 396 1506 persultare
424 1450 609 1503 juffiffer‚
634 1463 847 1507 acceptum
877 1449 1039 1504 aliquod
1066 1448 1210 1491 vulnus
1234 1465 1304 1507 per
1331 1453 1495 1493 nimiam
1520 1454 1569 1493 fi-

179 1513 338 1554 duciam
364 1514 480 1554 foret.
508 1514 724 1564 Ceterum,
763 1512 831 1554 ubi
853 1513 1096 1568 compositos
1124 1514 1244 1554 firmis
1279 1514 1484 1557 ordinibus
1511 1517 1570 1558 se-

179 1577 248 1630 qui
269 1577 397 1618 rursus
422 1577 558 1618 videre
574 1605 587 1628 ,
617 1578 657 1617 in
679 1576 816 1632 fugam
842 1576 965 1625 versi,
987 1590 1068 1616 non
1093 1576 1342 1630 agminibus,
1369 1592 1413 1618 ut
1439 1580 1568 1634 prius,

178 1654 256 1680 nec
274 1639 373 1681 alius
395 1639 517 1681 alium
536 1640 823 1697 respectantes,
847 1641 946 1690 rari,
967 1642 1007 1680 ὃ(
1029 1639 1237 1680 vitabundi
1258 1641 1458 1691 invicem,
1478 1641 1571 1684 lon-

178 1703 329 1758 ginqua
350 1717 467 1758 atque
493 1704 583 1745 avia
604 1705 776 1760 petiere:
800 1704 889 1744 finis
911 1702 1099 1757 sequendi
1118 1718 1201 1744 nox
1223 1707 1263 1744 &
1286 1703 1442 1745 satietas
1466 1704 1566 1746 fuit:

94 1783 149 1822 25
181 1767 276 1808 caesa
302 1769 474 1808 hostium
502 1767 550 1808 ad
575 1768 714 1809 decem
744 1767 894 1808 millia:
924 1767 1146 1807 nostrorum
1168 1767 1339 1808 trecenti
1360 1767 1567 1823 sexaginta

181 1830 386 1871 cecidere:
416 1832 458 1871 in
485 1831 570 1885 quis
593 1831 722 1873 Aulus
743 1832 930 1881 Atticus,
957 1830 1158 1886 praefe'Ctus
1181 1832 1358 1872 cohortis
1383 1837 1426 1884 4,
1450 1830 1568 1884 juve-

179 1891 252 1933 nili
276 1893 414 1936 ardore
437 1898 479 1935 ὃς
500 1894 650 1936 ferocia
677 1896 768 1950 equi
795 1892 971 1936 hostibus
996 1892 1143 1935 illatus.

223 2019 231 2033 ¹
256 2016 384 2053 VAcm]
408 2016 488 2053 Quia
504 2028 612 2058 pugnae
631 2026 782 2057 expertes.
892 2018 1034 2054 XXXV,
1059 2025 1145 2046 num.
1164 2025 1193 2047 2.
1220 2023 1409 2046 memoratur
1430 2014 1565 2060 Q3qu-

220 2058 232 2072 ²
262 2055 471 2086 Puommum
507 2059 602 2094 ALAE]
639 2058 666 2085 A
687 2058 792 2089 fronte
814 2058 853 2088 ad
893 2056 957 2086 tius
976 2058 1153 2092 Maternus,
1174 2055 1331 2094 praefectus
1341 2055 1488 2087 Cohortis
1501 2064 1564 2094 pn-

179 2100 266 2132 rerga
286 2094 459 2124 transveetae
484 2097 623 2134 equitum
638 2097 854 2140 Romanorum
893 2106 950 2126 mae
962 2096 1173 2134 Tungrorum.

180 2133 236 2202 :silae
255 2133 391 2164 aversam
406 2134 627 2167 Britannorum
641 2145 739 2166 aciem
760 2135 853 2167 inva-
1174 2163 1204 2193 D
1219 2163 1241 2192 Ε
1255 2164 1284 2193 Ο

196 2182 255 2202 ere.

198 2249 204 2254 .
221 2216 231 2236 3
256 2212 423 2244 CATERVAE
443 2214 674 2250 ARMATORUM]
696 2212 764 2245 Jarn
779 2213 852 2245 hos·
1050 2212 1084 2242 M
1099 2212 1125 2241 A
1137 2212 1161 2242 R
1174 2211 1202 2240 T
1221 2213 1234 2240 I
1277 2212 1307 2249 Q
1321 2213 1372 2243 VI
1389 2213 1419 2243 N

179 2257 261 2279 tium
273 2274 283 2287 ‚
298 2251 329 2281 id
349 2252 405 2288 est,
423 2262 614 2283 armatorum
633 2254 852 2284 Britannorum
1042 2263 1068 2294 F
1081 2264 1107 2293 L
1125 2265 1152 2293 Ο
1167 2264 1191 2293 R
1210 2264 1222 2291 Ι
1238 2265 1265 2294 V
1277 2264 1295 2293 S
1342 2264 1373 2293 M
1389 2265 1414 2293 A

182 2297 312 2359 {aitreervae
324 2292 521 2330 paucioribus
530 2292 677 2324 Romanis
687 2302 770 2331 terga
781 2303 854 2331 prae-
1018 2313 1046 2342 T
1062 2313 1085 2341 E
1101 2313 1126 2342 R
1140 2313 1170 2341 N
1185 2313 1211 2342 V
1225 2312 1244 2341 S
1294 2312 1314 2341 p
1327 2312 1351 2341 R
1362 2312 1412 2341 ΑΕ
1425 2312 1451 2342 F

223 2371 238 2389 4
262 2351 450 2400 ‘Pnffirxzc'rus
484 2373 671 2409 couonris]
703 2372 752 2402 Sic
773 2372 853 2411 apud
1031 2363 1058 2392 C
1072 2363 1099 2393 Ο
1115 2362 1155 2392 H·
1204 2362 1226 2390 Ῑ·
1274 2361 1338 2391 TV
1354 2362 1381 2391 N
1398 2362 1427 2391 G

183 2405 342 2439 eruditum
374 2410 510 2442 Gordon
525 2434 536 2451 ,
565 2411 629 2443 loc.
655 2411 708 2444 cit.
734 2411 854 2444 Tabula
1130 2413 1168 2443 V.
1192 2413 1219 2443 S.
1244 2411 1282 2443 L.
1309 2410 1342 2440 Μ
