1952 2708
401 168 489 225 256
599 170 816 212 NOTAE
868 168 952 210 ET
994 164 1593 209 ‘EMENDATIONES

441 250 556 284 APUD
585 259 734 283 PLEBEM
760 247 971 293 PARABAT]
1000 244 1130 282 Merito
1167 243 1304 292 Lipsius
1336 257 1357 281 e
1392 243 1607 292 conjefflurfi.
1640 244 1788 281 Veteres

392 297 599 341 editiones,
628 298 798 343 probabat.

447 348 529 384 Hos
557 350 752 392 REVERSI]
779 345 822 381 In
845 343 1066 381 editionibus
1087 343 1266 379 veteribus
1290 354 1371 380 ante
1395 344 1574 393 Lipsium‚
1604 345 1656 378 hos
1676 355 1784 378 rever-

385 400 457 446 fiiri
483 398 623 433 colebant
642 412 654 430 .·
683 399 714 430 hi
740 398 775 430 ξφ
796 406 945 441 praeturae
973 394 1007 428 ΕΤ
1033 395 1207 439 consulatui
1233 407 1348 428 vacare
1373 395 1455 428 ultro
1483 395 1685 429 ridebantur.

447 447 503 483 ET
534 458 734 482 COMMODA
757 448 774 490 ]
804 442 1025 480 Emendabat
1045 441 1205 478 Schelius
1221 469 1230 484 ‚
1264 444 1300 477 ῖς
1320 456 1381 478 non
1400 443 1488 478 modi>
1509 444 1657 488 disertum
1675 443 1783 478 haberi

391 500 458 533 ἃς.
484 496 695 539 Acidalius,
724 497 760 531 ἔπ’
797 494 947 542 quomodo
974 492 1122 537 disertum
1156 493 1297 533 haberi,
1328 492 1377 539 fic
1411 493 1520 527 contrti
1557 504 1678 526 mutum
1714 495 1784 528 δίο.

389 547 462 582 Alii
478 574 488 589 ,
502 545 593 582 duce
611 546 753 581 Mureto
770 573 778 588 ‚
798 545 876 579 haec
892 543 978 578 Ioco
1003 541 1067 577 suo
1090 551 1188 577 mota
1203 551 1330 589 putant
1347 568 1355 583 ,
1373 544 1405 578 δε
1431 541 1554 592 legunt
1569 569 1578 585 ,
1595 542 1636 577 ad
1653 543 1781 588 summa

391 598 573 645 eloquentiae
593 599 727 642 praemia
753 596 789 630 ἃ
813 593 974 629 commoda
997 604 1115 639 magna
1139 592 1300 626 accedebat
1321 591 1488 638 neceffitas.

444 648 611 682 Paffimus
638 654 970 680 srmuLAssANTUR
996 645 1014 687 ]
1044 642 1141 678 Bene
1166 641 1370 678 Rhenanus,
1399 640 1496 677 Male
1518 639 1697 677 editiones
1719 653 1784 679 ve-

391 706 480 733 teres
495 723 504 737 ,
529 696 784 742 stipulahanzur.

447 747 759 781 CLIENTELARUM
789 754 891 779 LOCO
914 744 925 788 ]
952 743 1100 779 Veteres
1121 740 1321 784 editiones,
1341 743 1575 777 clientularum.
1599 740 1642 776 In
1663 753 1785 778 recen-

390 796 486 831 tibus
504 822 513 838 ,
545 796 765 830 clientulorum
792 809 804 827 .·
828 804 862 827 at
891 791 1038 827 latinam
1067 791 1132 827 effe
1162 791 1255 827 hanc
1286 804 1416 827 vocem
1446 791 1578 827 nullius
1603 790 1786 840 scriptoris

390 844 599 881 testimonio
623 843 894 892 comprobatur.
921 840 1194 877 Emendandum
1220 854 1307 891 ergo
1322 869 1330 885 ,
1355 843 1585 877 clientelarum.
1607 841 1665 877 Sic
1689 840 1784 877 enim

390 894 485 930 infr&
507 907 585 942 cap.
613 906 660 940 39
680 921 690 937 ,
721 895 872 929 clientelae
899 905 1016 939 quoque
1045 892 1080 926 ξφ
1107 892 1219 927 trihus.

445 945 507 980 AD
539 956 646 980 Arios
675 953 922 980 TRANSIRENT
948 944 966 987 ]
997 942 1185 991 Perperam
1213 941 1252 977 in
1276 940 1351 979 Mff.
1381 943 1414 977 δε
1445 940 1625 979 veteribus
1651 939 1786 978 editio-

394 994 499 1030 nibus
513 1021 522 1038 ,
548 994 732 1043 tranfiffint.
1600 1006 1602 1009 ·

437 1095 544 1130 CAP.
575 1090 760 1129 XXXVII.
786 1090 930 1127 MANUS
958 1101 1124 1128 vEsTRAs
1149 1094 1168 1137 ]
1196 1090 1295 1126 Male
1319 1091 1498 1127 editiones
1527 1100 1685 1133 veteres,
1712 1101 1784 1125 ma-

394 1159 450 1180 nus
476 1144 608 1192 nostras.

440 1196 542 1240 QUAE
568 1204 616 1229 ET
644 1203 686 1228 IN
713 1203 978 1234 ANTIQuonUM
1003 1196 1021 1238 ]
1047 1192 1102 1228 Ita
1126 1190 1192 1228 Ms.
1216 1190 1336 1228 Vatic.
1369 1191 1481 1227 1862.
1505 1189 1547 1225 In
1575 1189 1639 1226 Ms.
1662 1188 1785 1226 Varios

395 1246 495 1294 1518
513 1271 522 1286 ‚
553 1257 619 1292 quae
643 1245 676 1276 in
700 1245 911 1289 antiquorum.
936 1241 1035 1277 Libri
1060 1254 1184 1277 ornnes
1208 1240 1319 1283 editi,
1352 1255 1418 1289 quae
1445 1242 1481 1276 ὃ*
1503 1244 1716 1288 antiquorum.

440 1293 497 1329 ET
528 1305 610 1328 cum
637 1303 787 1328 MAx1ME
810 1295 826 1337 ]
857 1291 956 1327 Bene
982 1291 1096 1328 editio
1123 1291 1290 1340 princeps
1316 1293 1350 1326 ὃ(
1372 1289 1547 1328 Ernestus.
1568 1287 1788 1325 Puteolanus

390 1345 424 1380 &
450 1342 535 1385 alii,
567 1344 602 1377 ἓν
628 1355 709 1376 nunc
735 1342 889 1376 maxime.

440 1392 649 1427 SPLENDOR
681 1394 849 1435 insnum]
876 1391 972 1426 Bene
993 1390 1076 1426 Iibri
1095 1402 1218 1426 omnes
1241 1389 1340 1425 editi.
1358 1389 1401 1424 In
1416 1388 1495 1425 Mff.
1518 1389 1635 1425 Vatic.
1652 1400 1789 1424 reorum·

446 1443 539 1488 Quo
569 1453 678 1477 NIHIL
707 1453 810 1476 TALE
837 1443 854 1486 ]
886 1439 941 1476 Ita
965 1439 1048 1476 libri
1083 1452 1208 1477 omnes
1232 1439 1332 1475 editi.
1356 1439 1399 1474 In
1432 1439 1507 1477 Mss.
1538 1439 1656 1477 Varie.
1688 1439 1786 1474 1862

391 1495 426 1528 ὃς
453 1494 557 1538 4498
575 1519 585 1534 ,
619 1494 652 1526 in
685 1505 754 1539 quo.

447 1542 701 1577 Tempomnus
732 1551 906 1576 Exsrxrn·
931 1542 948 1584 ]
978 1538 1107 1576 Mallet
1133 1539 1293 1588 Lipsius,
1321 1538 1441 1585 existit.

445 1590 503 1626 Eo
535 1602 680 1626 Acmon
704 1593 721 1635 ]
751 1589 793 1625 Iu
819 1589 885 1625 Ms.
910 1588 1028 1627 Varie,
1060 1592 1158 1625 1862
1177 1619 1185 1631 ‚
1216 1590 1253 1624 fr
1279 1591 1393 1624 acrior.
1413 1586 1549 1636 Lipsius
1573 1599 1592 1623 e
1613 1586 1680 1623 Ms.
1704 1586 1785 1623 Far-

394 1640 466 1677 nes.
495 1640 529 1675 in
554 1653 627 1689 quo
643 1668 652 1683 ‚
682 1643 785 1674 acrior
804 1653 861 1686 per
880 1651 1019 1686 pugnas.
1049 1638 1187 1675 Frustra
1213 1649 1352 1682 tentat,
1385 1641 1489 1681 major
1518 1637 1718 1684 adverfhrius
1746 1638 1784 1672 ξπ·

392 1694 518 1733 acrior,
544 1704 601 1738 quo
620 1692 729 1736 plures
752 1702 874 1737 pugnas
887 1689 952 1736 fibi
978 1690 1102 1736 asperas
1125 1688 1349 1736 desumpserit,
1382 1690 1471 1723 ῑαητὸ
1493 1688 1591 1722 altior
1612 1688 1649 1721 ὅ
1677 1688 1786 1722 excel-

382 1740 476 1788 fior,
503 1742 569 1775 illis
604 1741 790 1774 nobilitatus
817 1740 1058 1785 discriminibus.
1097 1740 1341 1786 Discriminibus
1368 1750 1434 1786 pro
1460 1737 1642 1772 criminibus
1665 1735 1785 1786 legen-

394 1789 480 1826 dum
505 1802 581 1825 non
606 1789 783 1825 immerito
806 1801 978 1824 monuere
1005 1788 1139 1836 Lipsius
1163 1792 1196 1824 &
1220 1787 1365 1823 Latinus
1388 1786 1558 1826 Latinius,

448 1840 492 1875 IN
526 1852 601 1876 om:
632 1851 819 1876 nomnium
843 1841 860 1883 ]
891 1837 987 1874 Bene
1012 1837 1158 1887 Lipsius.
1186 1837 1283 1874 Male
1309 1836 1489 1874 editiones
1513 1847 1649 1873 veteres
1666 1862 1678 1880 ‚
1702 1848 1785 1872 more

394 1891 567 1925 hominum.

447 1939 602 1976 SEcUssA
630 1949 772 1974 VELINT
797 1940 815 1982 ]
843 1937 900 1973 Ita
924 1937 999 1973 Mff.
1023 1938 1138 1974 Vatic.
1158 1940 1191 1973 &
1213 1937 1395 1974 editiones
1423 1946 1571 1972 veteres.
1596 1935 1640 1970 In
1663 1947 1784 1971 recen-

398 1989 492 2024 tibus
528 1988 620 2024 male
657 1987 908 2030 emendatum,
953 1988 1067 2022 nolint.
1102 1987 1320 2035 RodoIphus
1361 1986 1534 2035 Agricola
1570 1984 1787 2033 supplebat,

395 2051 431 2073 ur
456 2041 551 2074 dubia
578 2039 729 2079 laudent,
749 2038 862 2084 secura
893 2038 997 2071 nolint
1014 2052 1027 2072 .·
1044 2036 1141 2085 quod
1165 2038 1347 2083 ignoraret
1365 2036 1453 2072 olim
1471 2035 1641 2083 scriptum
1664 2033 1783 2077 fuisse,

388 2090 500 2135 secura
526 2090 653 2131 velint,
683 2086 811 2123 eodem
842 2087 995 2123 omnino
1025 2086 1137 2124 sensu,
1168 2085 1298 2125 Secura
1321 2086 1417 2123 enim
1443 2085 1524 2121 sunt
1556 2097 1638 2122 cum
1664 2082 1785 2123 distri-1,

396 2138 493 2175 mine
509 2166 518 2181 ,
545 2149 622 2174 tuta
646 2137 716 2174 sine
742 2136 956 2173 discrimine.

452 2237 558 2271 CAP.
584 2236 788 2272 XXXVIII.
813 2237 965 2273 ΑΡΤΙΟΡι
994 2248 1059 2272 Εετ
1078 2247 1280 2278 νΕΒιΤΑΤῙ,
1302 2245 1588 2277 ELOQUENTIAM
1606 2243 1742 2269 TAMEN
1757 2235 1779 2278 ]

397 2286 443 2322 In
460 2285 622 2321 editione
639 2286 800 2334 principe
816 2313 825 2330 ‚
841 2301 907 2335 quae
935 2286 991 2333 etfi
1015 2300 1095 2321 nunc
1116 2289 1219 2331 aptior
1245 2285 1287 2326 cll
1312 2300 1325 2319 .·
1353 2288 1398 2319 ita
1424 2289 1482 2320 erit
1497 2286 1671 2332 eloquentia
1685 2294 1783 2317 :tan-

395 2348 462 2372 tum
488 2337 569 2371 illud
595 2336 718 2382 forum.
753 2337 822 2371 Pro
857 2348 1005 2376 tantum,
1032 2335 1247 2371 Puteolanus
1277 2333 1504 2377 emendavit,
1535 2338 1649 2373 ianm,-
1678 2334 1711 2367 ὃς
1732 2331 1782 2366 fic

393 2385 525 2424 deinde
567 2385 677 2423 ceteri
707 2398 841 2423 omnes.
880 2385 1062 2424 Tentabat
1089 2385 1236 2422 Latinus
1269 2383 1431 2421 Latinius
1452 2411 1464 2429 ,
1504 2397 1571 2433 quae
1614 2385 1660 2418 uti
1699 2393 1780 2416 nunc

1645 2451 1780 2494 archor
