1952 2708
315 147 367 175 12
578 130 626 170 C.
679 126 1081 170 CORNELII
1130 123 1414 169 TACITI

304 228 392 255 tum
411 224 569 268 quoque
591 211 736 265 magis,
757 208 874 263 quam
896 223 1033 250 aurum
1054 208 1271 262 sequuntur
1293 214 1303 231 ¹
1316 239 1329 258 ‚
1352 204 1461 248 null&
1480 207 1691 251 affefflone

306 278 455 324 animi,
485 274 552 315 sed
587 275 679 328 quia
708 287 895 314 numerus
921 285 1201 328 argenteorum
1226 270 1384 312 facilior
1409 272 1496 312 usui
1519 274 1571 314 est
1594 288 1690 329 pro-

306 338 458 378 miscua
479 353 525 378 ae
546 336 644 378 vilia
668 335 950 378 mercantibus.

368 401 449 443 VI.
485 402 559 441 NE
587 400 734 442 ferrum
759 400 919 454 quidem
946 400 1116 455 superest
1132 402 1145 419 ²
1169 427 1182 448 ,
1214 398 1312 439 sicut
1339 413 1388 439 ex
1411 414 1557 453 genere
1582 397 1690 440 telo-

302 479 391 505 rum
417 462 636 519 colligitur.
656 464 753 505 Rari
775 463 917 517 gladiis
931 493 943 513 ,
972 476 1039 503 aut
1058 460 1273 514 majoribus
1295 460 1444 502 lanceis
1466 467 1475 490 ³
1497 477 1687 503 utuntur:

302 529 456 577 hastas,
484 526 550 568 vel
574 527 751 584 ipsorum
780 524 984 568 vocabulo
995 527 1180 582 sinmeczs
1207 539 1351 579 gerunt
1379 530 1422 575 4,
1452 527 1617 580 angusto
1647 530 1688 567 &

303 590 417 632 brevi
437 591 542 631 ferro
558 620 570 641 ,
597 591 665 631 sed
688 592 742 631 ita
767 593 849 631 acri
864 620 877 640 ‚
908 593 948 630 &
969 589 1017 629 ad
1041 588 1155 628 usum
1174 587 1325 638 habili,
1351 602 1395 628 ut
1415 588 1557 628 eodem
1578 587 1691 639 telo,

303 667 423 710 prout
448 655 548 695 ratio
572 655 731 710 poscit,
760 652 827 693 vel
855 654 1039 693 cominus
1062 650 1128 692 vel
1168 652 1322 691 eminus
1353 666 1533 707 pugnent
1563 656 1574 683 5
1597 669 1604 692 :
1646 656 1688 693 ὃ(

300 732 423 771 eques
447 717 610 771 quidem
631 717 744 759 scuto
766 716 993 770 frameaque
1021 727 1235 756 contentus
1256 715 1330 754 est:
1363 714 1516 769 pedites
1538 719 1579 755 &
1602 715 1691 755 mis-

301 779 386 822 filia
412 779 430 803 ⁶
456 780 671 836 spargunt,
697 779 810 837 plura
834 779 975 834 singuli
990 809 1003 828 ‚
1032 792 1149 832 atque
1174 779 1215 817 in
1245 778 1483 817 immensum
1504 777 1686 819 vibrant:

302 845 429 896 nudi,
460 858 527 885 aut
552 843 716 899 sagu10⁷
741 843 880 885 leves:
903 841 1013 885 nulla
1029 840 1157 884 cultus
1174 839 1354 892 jaetatioz
1372 841 1483 882 scuta
1503 839 1684 883 tantum³

344 972 352 985 ¹
379 968 487 1004 Qum
511 978 624 998 Annum
662 978 845 1004 smum-Tun
871 968 886 1004 ]
925 966 974 997 Sic

301 1015 430 1045 quoque
443 1007 598 1043 Romani,
614 1008 666 1045 δε,
682 1017 717 1038 ut
729 1017 804 1046 puto
815 1031 824 1043 ‚
841 1009 974 1046 primum

301 1044 413 1075 eadem
429 1069 437 1082 ,
454 1046 514 1085 quai
534 1046 654 1076 barbati
671 1069 680 1083 ‚
701 1047 823 1077 ratione
838 1057 845 1075 t
860 1045 974 1076 deinde

300 1083 353 1114 usu
370 1085 403 1115 ὃ(
423 1085 658 1116 consuetudine.
676 1085 809 1121 Plinius,
821 1085 973 1120 XXXIII,

302 1122 409 1160 3.see⁷t.
427 1135 471 1163 ¹5·
494 1124 624 1163 Equidem
636 1125 718 1153 miror
734 1123 859 1160 populum
871 1123 973 1151 Roma-

299 1171 363 1190 nurn
376 1162 455 1191 viciis
466 1164 596 1202 gentibus
614 1164 641 1192 in
655 1163 866 1202 tributosemper
877 1172 974 1202 argen-

299 1210 355 1230 zmn
369 1201 528 1241 impericaſj&
542 1226 550 1239 ‚
564 1213 618 1231 non
632 1213 727 1231 aarum
747 1202 837 1242 :ficut
852 1201 974 1231 Cartha-

297 1241 361 1280 gini
385 1251 443 1270 curn
460 1241 621 1271 Hannibale
639 1242 716 1270 vic'ffae
747 1241 857 1281 argenti
884 1240 972 1276 pondo

299 1290 395 1309 annua
411 1281 440 1309 in
452 1281 651 1320 quinquaginta
670 1290 758 1309 annos
769 1305 778 1318 ,
795 1279 864 1309 nihil
879 1280 952 1309 auri.

341 1325 352 1338 ²
375 1321 551 1355 SUPEREST]
576 1321 764 1350 Abundabat
786 1319 913 1359 quidem
939 1319 971 1348 in

299 1365 385 1389 terrae
409 1359 597 1398 visceribus;
615 1368 646 1389 at
660 1383 669 1395 ‚
692 1368 725 1390 ut
745 1359 819 1389 inde
836 1358 971 1388 extrahe-

298 1407 400 1434 retur,
421 1400 454 1429 &
473 1398 546 1438 igne
558 1399 734 1430 molliretur
747 1422 755 1434 ‚
776 1398 910 1428 barbaris
921 1408 971 1428 ne-

298 1447 361 1476 que
380 1437 528 1473 patientia
544 1463 552 1475 ,
567 1449 669 1478 neque
689 1438 851 1473 industria,
868 1448 970 1476 neque

299 1478 466 1508 necestitas.
490 1478 599 1509 Potior
617 1488 725 1509 eorum
755 1477 873 1513 virtus,
895 1477 970 1507 sem-

299 1526 415 1555 perque
438 1517 543 1547 obvia.
573 1520 718 1548 Praeterea
743 1517 910 1547 utebantur
928 1517 970 1546 Ia-

299 1554 398 1599 pideis
418 1556 509 1586 armis
533 1580 542 1593 ‚
569 1567 703 1596 quorum
729 1555 819 1595 copia
836 1555 970 1585 maxima

298 1604 334 1623 ln
353 1596 580 1626 Germanorum
615 1595 758 1634 sepulcris
788 1595 937 1634 reperitur
960 1616 968 1629 ‚

297 1642 333 1663 ut
348 1634 455 1665 videre
468 1636 507 1666 est
521 1636 601 1674 apud
614 1634 767 1665 eruditum
779 1635 950 1665 Eccardum
959 1658 967 1669 ,

297 1672 331 1701 de
351 1673 442 1703 Rebus
463 1675 589 1706 Franciae
615 1674 769 1703 Orientalis
790 1698 798 1710 ‚
824 1675 918 1704 Tom.
943 1675 967 1702 1.

297 1722 368 1782 gag.
397 1716 455 1750 892
475 1737 485 1752 ‚
512 1713 566 1745 ubi
586 1724 695 1745 corum
711 1713 859 1754 imagines
881 1712 968 1744 exhi-

322 1760 362 1782 et·

337 1797 347 1817 3
374 1793 557 1825 Mmomus
581 1794 734 1830 LANcEIS]
757 1793 807 1823 Ob
827 1791 897 1821 ferti
916 1801 968 1830 pe-

295 1831 417 1862 nuriam
439 1856 447 1869 ,
471 1843 505 1863 ac
527 1833 609 1864 forte
631 1833 723 1864 etiam
751 1833 793 1863 ob
809 1831 967 1861 difficilem

295 1870 382 1900 usum
401 1895 409 1907 ‚
440 1874 508 1903 raro
533 1873 698 1903 utebantur
722 1871 889 1909 majoribus
905 1871 968 1900 lan-

295 1909 368 1952 ceis
392 1912 467 1941 Inde
476 1911 685 1942 inAnnalium
701 1910 965 1954 Historiarumque

293 1948 380 1979 libris
389 1972 396 1983 ,
407 1950 460 1980 ubi
470 1959 519 1981 tot
532 1951 639 1990 prcelia
651 1952 880 1981 Germanorum
889 1948 966 1978 vidi-

293 1997 360 2017 mus
374 2012 382 2024 ‚
408 2000 577 2029 numquam
602 1991 734 2028 majores
757 1990 869 2020 lanceae
884 2010 892 2023 ‚
914 1988 965 2018 sed

294 2028 457 2067 praelongae
491 2031 576 2060 hastae
592 2054 601 2066 ‚
633 2029 743 2069 quibus
766 2029 836 2059 sane
869 2027 965 2058 infixa

294 2076 359 2096 erat
374 2067 501 2104 framea,
520 2078 741 2100 memorantur.

333 2110 348 2129 4
369 2107 522 2138 FRAMEAS
546 2111 695 2146 ornum]
726 2109 867 2138 Frameas
899 2106 965 2136 dic-

293 2151 338 2174 tas
364 2145 449 2176 fuiffe
471 2157 486 2177 a
513 2148 634 2186 cuspide
654 2172 661 2182 ,
684 2158 749 2186 quae
775 2146 890 2182 Jfriem,
913 2146 963 2176 vel

289 2185 376 2220 priem
395 2187 566 2224 appellatur
579 2208 588 2220 ,
611 2187 753 2217 observat
777 2185 963 2215 Ditlimarus.

294 2224 479 2255 Germanica
495 2236 597 2256 autem
617 2226 693 2265 regis
716 2223 885 2256 Childerici
907 2221 964 2254 fra-

292 2272 360 2293 mea
377 2263 409 2293 in
429 2266 491 2302 ejus
507 2266 627 2296 tumulo
645 2274 762 2303 reperta
783 2265 830 2295 est.
853 2263 964 2302 Imagi-

292 2312 365 2332 nem
388 2303 460 2334 vide
481 2306 559 2341 apud
584 2304 740 2335 eruditum
760 2302 962 2338 Chifletium,

292 2341 436 2381 Anad‘lastr
461 2342 609 2373 childerici
633 2368 641 2379 ,
669 2343 837 2372 Francorum
864 2342 937 2380 regii·
953 2365 961 2377 ‚

292 2390 361 2422 pag.
383 2385 453 2415 218.
474 2383 578 2416 Postea
600 2385 670 2416 c'um
690 2382 805 2416 ferrum
829 2381 962 2413 abunda-

1012 973 1058 996 ret
1069 988 1077 1000 ,
1094 962 1241 996 Germani
1260 964 1368 1003 gladiis
1381 964 1531 1004 praecipue
1542 963 1585 993 ufi
1597 964 1683 994 sunt:

990 983 1041 1036 lat
1055 1005 1208 1035 variandis
1226 1015 1377 1043 equorum
1398 1005 1479 1043 gyris
1502 1003 1586 1033 fuere
1608 1004 1683 1034 sem-

1011 1043 1238 1083 petinhabiles.
1263 1043 1342 1074 vide
1359 1045 1458 1074 Notas
1480 1044 1514 1075 &
1528 1044 1686 1079 Emenda,

1011 1083 1113 1113 tiones
1135 1083 1173 1112 ad
1193 1093 1261 1121 cap.
1286 1088 1315 1113 6.

1052 1128 1060 1148 5
1088 1123 1231 1151 Poenam
1252 1124 1266 1158 ]
1303 1122 1423 1159 Quibus
1451 1130 1576 1160 tamen,
1599 1125 1685 1162 quod

1011 1171 1153 1191 enormes
1168 1160 1281 1194 efflent,
1304 1160 1552 1199 impediebantur
1571 1186 1579 1199 ‚
1605 1163 1626 1192 sr
1639 1163 1685 1193 in-

1010 1208 1055 1229 ter
1078 1200 1166 1230 silvas
1182 1199 1357 1237 virgultave
1371 1199 1442 1230 effer
1462 1202 1661 1239 pugnandum
1673 1225 1684 1238 ,

1011 1247 1043 1268 ut
1056 1238 1191 1268 vidimus
1210 1239 1296 1276 supra
1312 1239 1424 1268 Annal.
1446 1239 1473 1268 ΙΙ
1488 1263 1496 1275 ,
1523 1251 1567 1278 14.
1592 1241 1684 1272 Alio-

1033 1277 1086 1308 uin
1116 1278 1202 1308 harlae
1224 1277 1286 1307 illae
1314 1277 1455 1317 ingentes
1488 1280 1526 1308 ad
1552 1281 1682 1312 vulnera

1010 1289 1152 1348 {cienda
1169 1341 1178 1352 ‚
1204 1316 1344 1356 quamvis
1367 1317 1495 1356 procul,
1517 1319 1683 1356 aptissimae.

1011 1357 1090 1387 Vide
1110 1357 1221 1387 Annal.
1237 1359 1248 1386 I
1263 1381 1271 1393 ,
1287 1360 1335 1394 64.

1048 1398 1061 1415 ⁶
1079 1398 1250 1433 Musam]
1275 1395 1366 1427 Licet
1389 1396 1480 1426 valde
1503 1405 1616 1428 mutata
1645 1398 1684 1430 fit

988 1421 992 1474 l
1009 1437 1165 1475 pugnandi
1186 1435 1266 1466 ratio
1280 1459 1289 1470 ‚
1310 1444 1437 1466 manent
1458 1444 1560 1466 tamen
1588 1438 1681 1469 nobis

1008 1484 1149 1506 veterum
1176 1477 1406 1506 Germanorum
1434 1485 1528 1505 arma.
1555 1477 1599 1507 Ut
1621 1477 1658 1507 iis
1669 1502 1680 1515 ,

988 1519 990 1553 j
1007 1514 1050 1544 ita
1074 1515 1165 1546 nobis
1186 1515 1254 1545 sunt
1269 1516 1331 1545 duo
1351 1513 1528 1558 gladiorum
1541 1525 1653 1554 genera
1671 1528 1680 1547 :

987 1560 990 1587 Β
1007 1554 1061 1584 alii
1075 1555 1157 1585 acuti
1173 1580 1179 1590 ‚
1195 1554 1292 1592 I’e‘pc'23
1306 1554 1358 1584 alii
1381 1553 1443 1584 fine
1459 1555 1601 1585 acumine
1618 1579 1626 1591 ‚
1655 1555 1682 1585 Ie

1001 1594 1084 1633 fabre
1098 1608 1106 1622 .-
1117 1595 1249 1629 majores
1263 1595 1387 1629 lanceae,
1399 1593 1424 1621 la
1435 1593 1580 1622 halebarde
1590 1607 1598 1622 .·
1615 1595 1681 1625 has-

1009 1642 1045 1664 tae
1055 1658 1063 1669 ‚
1077 1635 1127 1664 seu
1139 1633 1260 1664 frameae
1274 1657 1282 1669 ‚
1297 1633 1324 1661 ia
1337 1633 1432 1672 longue
1442 1633 1519 1668 pinne
1531 1646 1539 1661 .·
1549 1634 1680 1671 miffilia,

1008 1674 1035 1702 ln
1050 1673 1134 1702 hacke
1146 1673 1272 1702 d'armfs.
1285 1672 1333 1703 Sic
1346 1674 1378 1704 ἃ
1387 1672 1615 1703 Canadenfibus
1625 1685 1679 1712 po-

1008 1712 1085 1752 pulis
1103 1713 1189 1743 suum
1208 1713 1247 1742 est
1261 1712 1384 1747 mislile,
1404 1711 1427 1740 le
1444 1712 1591 1751 caste-tere.
1609 1715 1679 1742 Prae-

1009 1761 1090 1783 terea
1105 1752 1298 1791 reperiuntur
1310 1751 1342 1780 in
1356 1760 1497 1782 veterum
1506 1753 1679 1788 Germano-

1008 1803 1075 1822 rum
1096 1791 1240 1830 sepulcris
1261 1790 1380 1831 globuli
1405 1790 1518 1829 lapidei
1540 1791 1678 1830 perfora-

1007 1831 1030 1862 ti
1046 1855 1054 1867 ‚
1070 1842 1148 1870 quos
1167 1831 1236 1861 sane
1250 1854 1258 1866 ‚
1272 1829 1401 1868 alligatis
1416 1830 1558 1865 funibus,
1576 1832 1680 1869 ejacu-

1007 1871 1157 1901 labantur.
1190 1872 1305 1901 Eorum
1332 1869 1480 1900 imaoines
1504 1869 1577 1900 vide
1596 1871 1677 1908 apud

1007 1910 1162 1941 eruditum
1177 1910 1347 1940 Eccardum
1361 1932 1369 1946 ‚
1391 1896 1422 1938 fe
1444 1908 1535 1938 Rebus
1549 1909 1681 1940 franciae

1008 1949 1173 1979 orientalis.
1193 1951 1287 1980 Tom.
1305 1950 1328 1978 Ι.
1341 1959 1407 1987 pag.
1423 1951 1493 1984 892.

1045 1996 1058 2015 7
1080 1991 1218 2027 SAouro]
1230 1990 1277 2019 De
1289 1988 1358 2028 sago
1373 1987 1451 2018 infra
1463 1999 1527 2027 cap.
1541 1999 1585 2028 ¹7·
1595 1990 1676 2019 Cum

1006 2029 1202 2068 pugnabant,
1220 2029 1321 2065 majore
1333 2027 1380 2065 fiii
1396 2038 1475 2064 parte
1487 2026 1552 2056 nudi
1569 2036 1675 2064 erant,

1005 2069 1076 2099 teste
1092 2068 1208 2098 Caesare
1227 2068 1309 2105 apud
1330 2067 1469 2097 Dionem
1480 2090 1488 2102 ‚
1502 2069 1676 2100 XXXVIII.

1005 2119 1072 2148 pag.
1101 2110 1148 2142 89.
1172 2107 1258 2144 Fupcvoi
1279 2107 1307 2136 τὶ
1325 2109 1425 2137 orma-ou
1445 2106 1501 2135 {ita-'1¹-

1045 2147 1057 2166 5³
1077 2149 1179 2177 §cum
1203 2148 1353 2182 nurum]
1382 2147 1471 2175 Scuta
1494 2146 1676 2177 Germano-

1005 2197 1072 2216 rum
1085 2186 1210 2223 inzmenfiz
1220 2209 1228 2221 ‚
1242 2185 1274 2213 id
1287 2185 1327 2214 est
1338 2184 1551 2223 magnitudine
1564 2196 1675 2223 corpo-

1005 2226 1059 2260 ris,
1073 2226 1158 2255 sunta
1170 2224 1281 2253 Annal.
1291 2225 1334 2257 11,
1354 2223 1573 2260 14.lec¹1iffimis
1583 2225 1676 2255 colo-

1004 2265 1086 2294 ribus
1100 2263 1210 2293 fucata.
1220 2264 1290 2292 Haec
1300 2262 1397 2301 prima
1405 2262 1527 2293 virtutis
1540 2287 1548 2298 ,
1560 2263 1674 2294 deinde

1004 2302 1177 2334 nobilitatis
1190 2326 1197 2338 ‚
1211 2301 1360 2339 infignia;
1377 2302 1450 2332 inde
1465 2326 1473 2336 ,
1498 2302 1674 2333 labentibus

1003 2342 1116 2373 saeculis
1129 2363 1137 2375 ‚
1157 2341 1325 2372 Heraldicae
1338 2341 1425 2377 artis,
1437 2351 1528 2379 quam
1544 2341 1674 2372 dicimus

1001 2382 1042 2414 les
1056 2381 1227 2420 Armoz'ries,
1242 2380 1266 2411 le
1279 2380 1377 2421 Elassn
1386 2405 1396 2421 ‚
1418 2381 1519 2421 origo.
1536 2380 1674 2417 Privatoff

1717 796 1779 824 10·
