1952 2708
373 116 457 164 388
650 111 1457 154 SUPPLEMENTUM

371 206 455 232 tum
482 191 579 233 facis
608 191 654 233 ab
683 194 853 234 Oriente
878 194 926 234 ad
947 194 1219 235 Occidentem
1236 199 1246 215 ¹
1274 192 1577 234 transcurrentis
1599 191 1685 232 visu
1705 191 1754 233 ad

235 245 255 268 Α
279 247 347 270 uc,
370 256 632 311 pertinaciam
660 255 884 303 obfirmati3
915 257 1112 310 navesque
1139 256 1260 312 plano
1291 261 1331 297 ὅς
1358 257 1466 296 nudo
1494 255 1611 296 litore
1636 255 1752 295 cons-

254 296 325 329 796·

259 348 280 370 J.
296 349 326 373 C.

261 402 312 430 43·

371 319 528 359 tituere.
547 321 655 359 Nam
671 319 872 369 Britanni,
895 320 1127 360 adversante
1148 332 1293 370 vento,
1315 318 1417 359 nihil
1438 318 1506 358 fibi
1528 318 1753 359 timendum

366 383 467 431 rati,
490 386 530 422 ὅς
554 383 594 421 in
616 382 683 422 sua
705 383 964 437 remigrantes
984 382 1254 422 defensionem
1276 381 1502 422 omiserant.
1522 381 1601 421 Ubi
1620 395 1752 421 autern

369 445 528 485 audiere
552 445 762 486 Romanos
785 444 975 501 adpuliffe
991 474 1002 494 ‚
1027 458 1181 494 terror,
1206 446 1266 484 uti
1288 443 1464 493 adsolet,
1486 443 1670 484 barbaros
1691 457 1750 484 at-

368 508 514 549 tonuit.
541 509 634 549 Nec
661 509 814 559 redire,
842 523 918 548 nec
947 507 1140 560 congredi
1165 507 1268 557 aufi,
1296 507 1334 546 se
1362 508 1403 545 in
1429 505 1592 562 paludes
1618 521 1663 546 ac
1691 505 1753 544 fil-

367 586 436 612 vas
463 570 672 622 abdidere,
704 586 749 611 ut
772 571 869 611 ficut
895 569 993 610 olim
1021 571 1075 610 D.
1102 568 1256 614 Julium
1281 567 1391 610 mora
1417 569 1681 624 fatigaverant
1707 572 1750 619 ²,

365 634 420 675 ita
449 633 648 674 Plautium
671 636 757 675 otio
782 633 1022 688 frangerent.
1628 644 1631 647 ’

429 696 556 738 LIII.
592 698 663 736 AT
687 696 780 747 ille,
804 697 911 737 haud
937 697 1093 738 nescius
1118 695 1359 738 lentitudine
1386 696 1475 736 suos
1499 695 1748 746 defe&uroS‚

362 761 492 800 hostes
521 759 710 801 valituros
726 790 739 810 ,
770 760 897 801 statim
923 759 1074 800 bellum
1098 753 1263 816 *adgredi
1283 777 1290 799 ε
1311 759 1512 800 latitantes
1534 759 1746 800 Britannos

363 825 499 864 venari
523 841 530 863 ;
557 822 741 864 omnibus
770 824 942 878 vestigiis
975 824 1188 878 indagare3
1219 839 1264 864 ac
1292 823 1454 864 tandem
1482 821 1657 863 divulsos
1685 820 1750 862 of-

362 886 524 927 fendere
540 916 553 936 ,
572 888 638 940 qui
655 887 749 937 vix,
773 886 943 936 sociati,
973 886 1132 927 fuissent
1156 886 1266 928 bello
1293 901 1416 942 pares.
1442 886 1616 926 Devffiuo
1633 885 1751 925 Cata-

363 962 499 990 rataco
526 954 565 1000 ³,
598 964 695 991 mox
729 949 829 990 caeso
857 950 1134 1004 Togodumno
1155 956 1198 1000 4,
1228 947 1475 989 Cunobelini
1496 964 1623 1004 nuper
1644 963 1752 988 mor-

362 1014 421 1052 tui
451 1011 562 1062 filiis,
584 1011 677 1067 fuga
705 1011 869 1053 salutem
897 1011 1102 1066 quaefieress
1133 1013 1297 1068 parsque
1318 1012 1581 1052 Bodunorum
1611 1017 1654 1062 5,
1682 1011 1749 1065 qui

363 1074 639 1115 Catwillaunis
668 1074 685 1096 ⁶
712 1075 932 1130 parebant,
959 1076 1001 1115 in
1038 1076 1157 1116 fidem
1197 1089 1370 1130 recepta.
1399 1075 1578 1115 Praessdio
1607 1074 1663 1114 ibi
1689 1088 1750 1113 re-

360 1136 454 1178 litio
475 1167 488 1187 ,
529 1137 705 1179 Plautius
739 1138 788 1178 ad
819 1153 977 1179 amnem
1007 1143 1022 1165 ⁷
1052 1139 1298 1194 progressus,
1327 1139 1483 1188 hostes,
1512 1137 1616 1191 quafi
1644 1137 1751 1176 insu-

360 1200 527 1256 perabili
557 1201 674 1242 obice
704 1201 1040 1252 defenderentur,
1074 1203 1115 1241 in
1148 1201 1369 1242 secordiam
1407 1199 1605 1240 resolutos
1631 1215 1748 1255 repe-

359 1265 410 1304 rit
435 1281 442 1303 :
468 1262 579 1315 jubet
605 1263 747 1305 Gallos
773 1261 815 1314 ⁸,
843 1266 1008 1305 flumina
1035 1266 1076 1304 in
1104 1266 1219 1305 armis
1249 1278 1403 1305 tranare
1428 1262 1594 1314 solitos,
1625 1279 1647 1299 <t
1675 1264 1750 1302 im-

360 1340 529 1382 »petum
555 1329 595 1366 in
620 1342 688 1367 eos
714 1327 846 1368 facere
874 1345 882 1368 :
910 1329 1003 1368 viris
1030 1341 1217 1384 parcere3
1245 1327 1312 1367 sed
1338 1341 1461 1380 equos
1485 1326 1575 1366 telis
1603 1326 1744 1380 figere:

359 1403 525 1430 »cetera
559 1391 597 1431 se
627 1391 875 1445 provisurum
902 1408 943 1429 2).
983 1391 1089 1435 Juffa
1117 1390 1310 1430 facessunt
1342 1389 1505 1430 alacres.
1529 1389 1745 1439 Britanni,

359 1451 558 1508 insperata
580 1451 743 1494 audacia
768 1454 1008 1509 perturbatI,
1036 1455 1078 1492 in
1098 1453 1225 1493 effeda
1245 1458 1260 1481 9
1284 1453 1323 1493 se
1347 1467 1548 1508 recepere.
1572 1453 1652 1501 At,
1678 1466 1748 1491 un-

359 1516 478 1568 dique
503 1515 719 1557 vulneratis
746 1518 881 1570 equis,
915 1516 1092 1558 curribus
1130 1515 1275 1557 excussi
1292 1545 1305 1567 ,
1335 1514 1550 1570 obtritique
1565 1543 1579 1565 ,
1616 1512 1745 1555 multa

359 1593 451 1618 cum
481 1580 605 1633 strage
630 1578 748 1618 inulti
775 1593 944 1635 pereunt
975 1585 1020 1620 ¹0.

419 1641 542 1685 LIV.
576 1642 798 1682 INTEREA
817 1642 879 1684 Fl.
896 1643 1177 1699 Vespasianus,
1200 1643 1249 1684 ad
1271 1643 1421 1682 summa
1443 1643 1625 1696 genitus,
1648 1639 1745 1694 ejus-

399 1772 407 1786 ¹
431 1769 480 1797 An
504 1770 730 1806 ochDENTEM]
755 1771 856 1807 Quem
877 1770 1028 1809 navigan-
1069 1768 1510 1799 CATVVILLAVNORVM.
1543 1767 1625 1797 Vide
1645 1765 1744 1796 Tran-‘

358 1807 399 1836 do
414 1808 571 1845 petebant.
586 1808 648 1838 Dio
659 1832 668 1845 ‚
696 1808 773 1838 ibid.
788 1810 835 1839 De
848 1809 894 1841 his
910 1809 1029 1840 facibus
1059 1807 1197 1846 saffiones
1212 1807 1414 1845 Plzilqffiphicas
1425 1831 1434 1844 ‚
1454 1807 1527 1838 Vol.
1542 1807 1642 1836 XXX·
1654 1816 1741 1836 num·

357 1845 431 1875 vide
452 1846 586 1877 Plinium
606 1849 655 1884 Π,
677 1851 726 1878 26.
1071 1853 1137 1885 356.
1163 1857 1230 1886 pag.
1264 1849 1333 1884 813.
1364 1847 1508 1877 Tenuere
1534 1845 1712 1884 provincias
1730 1867 1743 1883 ,

397 1888 407 1900 ²
431 1885 726 1923 FATIGAVERANT]
750 1886 953 1918 VideJulium
965 1889 1030 1919 Cae-
1068 1896 1141 1925 quas
1175 1896 1259 1916 nunc
1299 1896 1448 1916 vocamus
1470 1908 1479 1921 ,

358 1922 470 1960 sarem,
489 1926 564 1955 Bell.
582 1926 664 1955 Gall.
680 1928 706 1957 V
718 1949 727 1961 ‚
745 1928 761 1956 8
779 1926 813 1956 ὃ(
828 1926 910 1965 seqq.
1067 1924 1199 1962 Hartford
1224 1925 1258 1956 ὃ(
1279 1923 1406 1962 Bedfhrd.

398 1969 407 1988 5
433 1965 650 1995 (Im-amuco
666 1966 678 2001 ]
702 1965 856 2001 Dio,LX.
872 1976 939 2006 pag.
957 1969 1028 2006 678,
1107 1971 1119 1990 7
1142 1966 1189 1993 AD
1213 1965 1350 2001 murm]
1366 1966 1444 1997 Sane
1459 1963 1630 2000 Tamesim,
1657 1970 1742 1991 nunc

356 2011 427 2032 eum
443 2004 577 2041 appellat
602 2004 793 2042 Κατειράτακον.
1068 2003 1094 2032 liz
1110 2003 1224 2042 Tamise.
1255 2003 1319 2034 Dio
1343 2027 1352 2041 ‚
1383 2004 1445 2034 loc.
1472 2003 1524 2034 cit.
1550 2003 1609 2032 Ἐπὶ
1633 2004 1742 2038 ποταμῷ

392 2046 407 2063 4
428 2043 635 2073 TOGODUMNO
652 2047 663 2077 ]
686 2043 748 2074 Dio
762 2067 770 2080 ‚
794 2043 871 2073 ibid.
1068 2057 1124 2072 τινι.
1661 2078 1668 2084 1

397 2085 405 2106 5
430 2082 572 2116 Pnnsour
594 2083 830 2120 Bonunonum]
850 2082 932 2118 Dio,
947 2082 1028 2112 ibid.
1108 2082 1118 2101 3
1141 2082 1295 2118 GALLOS]
1316 2083 1440 2121 Nempe
1467 2083 1641 2112 Germanos
1661 2077 1742 2122 infe-

354 2119 479 2149 Boduni
490 2143 498 2155 ‚
517 2121 584 2150 aliis
599 2121 670 2152 dicu
684 2121 813 2152 Dobuni
825 2145 833 2158 ‚
847 2122 1028 2160 provincias
1067 2121 1163 2152 riores
1177 2145 1186 2159 ‚
1205 2122 1370 2152 fluminum
1393 2121 1513 2151 accolas
1525 2139 1534 2152 2
1553 2121 1587 2150 &
1605 2119 1742 2148 mamme

1511 1884 1702 1924 Buckingham
1730 1901 1752 1921 ‚-

357 2157 424 2188 illas
451 2159 637 2190 obtinebant
658 2184 667 2197 ,
694 2171 767 2200 quas
791 2171 873 2192 nunc
899 2160 1028 2192 dicimus

358 2196 464 2233 Oxford
479 2198 512 2228 ὃς
526 2198 669 2236 Glocester.

392 2237 405 2255 ⁶
428 2238 677 2268 CATwiumes
696 2239 709 2275 ]
733 2240 759 2267 A
790 2238 896 2269 Dione
915 2262 924 2276 ,
950 2240 1027 2270 ibid.

355 2276 547 2313 appellantur
562 2278 746 2308 Κατεελλανοί.
765 2279 805 2307 At
824 2278 856 2307 in
874 2278 972 2308 veteri
989 2280 1029 2309 la-

355 2314 447 2351 pide,
470 2315 523 2354 qui
550 2315 583 2345 in
602 2317 687 2347 vallo
707 2315 877 2345 Piels-Wall
892 2327 1027 2355 repertus

355 2354 412 2391 est,
433 2354 577 2387 dicuntur
594 2354 813 2389 Catwinauni.
830 2357 1029 2390 CIVITATE

984 2516 1051 2559 1-ae

1067 2163 1200 2191 Batavos
1210 2183 1218 2196 ‚
1239 2169 1273 2191 ut
1286 2163 1365 2191 recle
1378 2160 1511 2198 explicat
1523 2158 1658 2189 eruditus
1677 2158 1743 2186 Bu-

1067 2200 1205 2237 cherius,
1225 2201 1289 2230 loc.
1313 2200 1364 2230 cit.
1610 2234 1616 2240 .

1105 2244 1117 2262 9
1145 2239 1294 2274 EssrnA]
1323 2240 1436 2268 Currus
1464 2244 1550 2267 erant
1568 2237 1741 2265 ssntanno-

1066 2287 1156 2314 rum,
1179 2279 1217 2307 de
1242 2278 1353 2315 quibus
1376 2277 1437 2313 jam
1456 2276 1571 2306 dietum
1595 2275 1681 2313 supra
1707 2273 1743 2303 in

1066 2316 1138 2349 Vita
1161 2315 1332 2355 Agricolae,
1356 2316 1483 2345 XXXV.

1108 2357 1318 2394 ¹⁰Pizmzunr]
1340 2355 1425 2390 Dio,
1449 2354 1512 2386 loc.
1523 2353 1578 2384 cit.

1807 454 1830 494 5

1780 776 1830 803 10

1781 1087 1827 1127 15

1773 1406 1831 1434 20
