1952 2708
330 156 386 193 52
589 144 638 184 c,
705 137 1125 182 CORNELII
1188 137 1484 181 TACITI

327 228 468 277 cultu,
495 223 587 266 sede
602 253 616 274 ,
645 238 692 265 ac
712 219 930 263 domiciliis
955 225 965 243 ¹
983 249 997 271 ,
1026 233 1070 262 ut
1090 221 1283 262 Germani
1304 234 1452 276 agunt:
1481 220 1615 264 sordes
1637 223 1721 265 omss

327 294 439 334 nium
471 304 519 330 ac
551 300 712 344 torpor:
745 300 958 342 procerum
996 283 1182 326 conubiis
1217 286 1353 326 mixtis
1378 289 1423 335 ²,
1453 285 1643 326 nonnihil
1676 289 1717 328 in

324 357 592 396 Sarmatarum
628 350 809 391 habitum
847 349 1063 390 foedantur.
1090 347 1250 391 Venedi
1275 352 1286 375 ³
1316 347 1491 389 multum
1521 364 1573 390 ex
1591 352 1718 391 mori-

325 417 398 460 bus
421 422 440 446 4
466 428 684 457 traxerunt.
710 415 819 455 Nam
842 412 1035 469 quidquid
1054 413 1158 452 inter
1179 412 1378 452 Peucinos
1397 413 1637 467 Fennosque
1660 412 1719 454 sll-

325 496 466 523 varum
490 495 537 520 ac
561 480 761 520 montium
789 479 954 532 erigitur
969 507 982 527 ‚
1011 475 1233 517 latrociniis
1259 489 1474 531 pererrant.
1499 476 1557 516 Hi
1581 489 1718 518 tamen

323 546 430 586 inter
451 545 677 587 Germanos
703 543 834 598 potius
855 541 1106 590 referuntur,
1128 540 1220 593 quia
1242 543 1283 579 &
1304 539 1445 580 domos
1466 539 1625 594 fingunt
1640 570 1652 590 ,
1676 544 1719 582 &

324 609 438 651 scuta
467 608 647 663 gestant,
688 610 728 647 ὅ(
757 605 903 662 pedum
939 604 1012 644 usu
1039 619 1085 644 ac
1121 604 1358 659 pernicitate
1396 602 1603 658 gaudent3
1634 618 1718 657 quae

325 673 462 713 omnia
480 671 633 713 diversa
650 671 838 712 Sarmatis
859 669 950 709 sunt
963 698 976 718 ,
992 669 1032 708 in
1051 666 1222 724 plaustro
1239 681 1424 721 equoque
1439 671 1451 698 5
1471 665 1717 708 viventibus.

324 737 473 778 Fennis
498 734 515 757 ⁶
541 736 639 775 mira
662 734 822 784 feritas,
849 732 958 773 foeda
980 744 1210 787 paupertas:
1239 745 1323 770 non
1345 745 1476 780 arma,
1496 745 1581 771 non
1604 731 1718 785 equi,

323 815 408 840 non
430 812 615 855 penates:
638 798 760 838 vietui
781 796 929 846 herba,
954 796 1111 836 vestitui
1136 792 1277 851 pelles:
1307 792 1440 834 cubile
1461 795 1631 834 humus:
1658 793 1718 834 so-

323 861 362 903 la
386 864 429 902 in
455 863 606 917 sagittis
629 861 715 916 spes
730 892 742 911 ‚
771 875 865 914 quas
891 858 1028 915 inopia
1049 858 1168 908 ferri,
1199 857 1341 897 offibus
1366 857 1560 912 asperant.
1583 857 1718 898 Idem-

324 940 402 979 que
428 940 594 967 venatus
618 926 724 966 viros
751 925 896 981 pariter
917 939 964 964 ac
988 923 1156 963 feminas
1184 920 1267 961 alit.
1288 920 1428 962 Paffim
1453 922 1561 960 enim
1587 922 1718 962 comi-

323 1002 484 1039 tantur,
526 1003 757 1045 partemque
785 987 919 1044 praedae
942 999 1096 1042 petunt.
1122 987 1215 1026 Nec
1239 984 1347 1025 aliud
1371 983 1589 1024 infantibus
1615 985 1719 1025 fera-

322 1067 413 1091 rum
445 1051 712 1106 imbriumque
742 1052 960 1105 suffugium
982 1080 995 1100 ‚
1034 1048 1153 1103 quam
1186 1061 1231 1087 ut:
1267 1049 1309 1087 in
1340 1046 1476 1101 aliquo
1512 1063 1717 1088 ramorum

323 1130 430 1155 nexu
451 1116 833 1169 contegantur:huc
850 1114 1018 1153 redeunt
1039 1110 1206 1164 juvenes
1221 1140 1234 1161 ,
1263 1112 1344 1151 hoc
1370 1110 1509 1151 senum
1534 1126 1716 1168 recepta-

324 1178 476 1219 culum.
503 1179 583 1218 Sed
610 1178 763 1218 beatius
791 1176 1055 1226 arbitrantur,
1086 1173 1204 1228 quam
1239 1175 1444 1229 ingemere
1473 1176 1605 1229 agris,
1633 1174 1718 1216 illa-

322 1240 464 1283 borare
489 1240 701 1292 domibus,
729 1242 814 1282 suas
837 1239 1063 1293 alienasque
1083 1238 1262 1279 fortunas
1288 1238 1356 1292 spe
1381 1250 1572 1291 metuque
1592 1239 1718 1281 versa-

363 1378 372 1392 ¹
397 1374 477 1403 Sem:
500 1384 538 1403 ac
564 1382 743 1402 Dor-meluis
766 1377 777 1407 ]
806 1372 917 1403 Sedcm
938 1373 998 1403 do-
1039 1371 1233 1410 Olftrvarions
1248 1371 1414 1410 Historiques
1436 1372 1466 1401 ὓ
1492 1372 1718 1412 Ge'ographiquer

322 1412 503 1451 miciliaque
535 1412 674 1450 figebant
702 1412 839 1442 Peucini.
878 1413 999 1443 Contra
1028 1413 1079 1450 sur
1111 1410 1151 1440 les
1169 1411 1279 1448 pechles
1305 1410 1459 1449 barbares,
1490 1422 1560 1451 pag.
1587 1423 1649 1444 vn.

322 1455 465 1482 Sarmatae
496 1451 530 1481 in
558 1451 689 1490 plaustro
720 1462 866 1490 equoque
903 1452 997 1482 vive·
1037 1452 1123 1490 seqq.

321 1493 407 1523 bant.
1075 1496 1089 1513 4
1110 1491 1157 1520 Ex
1180 1498 1319 1520 MORJBUS
1341 1489 1355 1525 ]
1374 1490 1418 1518 Ex
1436 1489 1579 1521 moribus
1597 1492 1720 1521 Sarma-

360 1536 372 1549 2
395 1531 548 1561 Couussns
564 1533 693 1563 mxris]
707 1529 915 1560 Peucinorum
928 1540 998 1569 pro·
1037 1538 1150 1560 tarum.

321 1581 405 1601 ceres
418 1570 553 1600 conubia
569 1569 738 1599 miscebant
750 1580 820 1599 cum
837 1570 996 1607 Sarmatis,
1078 1575 1086 1596 5
1110 1571 1143 1599 IN
1165 1579 1326 1600 PLAUSTRo
1348 1573 1515 1605 rouoout]
1539 1569 1588 1599 Sic
1606 1568 1640 1600 ὅ(
1654 1567 1718 1599 ho·-

321 1611 356 1640 &
381 1609 412 1639 in
433 1611 639 1639 Sarmatarum
664 1608 806 1639 habitum
833 1609 997 1649 moresque
1037 1609 1087 1639 die
1110 1608 1224 1638 vivunt
1243 1610 1452 1640 Sarmatarum
1484 1608 1648 1648 reliquiae,
1676 1607 1720 1637 les

322 1649 528 1680 foedabantur.
1035 1648 1170 1678 Turtures
1186 1671 1195 1684 ‚
1216 1647 1255 1676 les
1264 1649 1386 1688 Nogair.

358 1694 368 1715 3
391 1691 514 1720 Veneni
536 1687 686 1726 ]Venedi
701 1687 781 1718 ultra
795 1688 947 1719 Peucinos
963 1689 997 1719 ὃς
1075 1690 1089 1707 ⁶
1111 1688 1249 1725 ans]
1281 1689 1396 1718 Eorum
1421 1688 1510 1728 regio
1543 1698 1560 1717 a
1580 1687 1683 1718 Plinio
1706 1710 1719 1725 ‚

320 1728 473 1758 Bastarnas
493 1728 531 1758 ad
550 1728 716 1758 Suevicum
734 1728 828 1767 usque
847 1738 947 1765 mare,
969 1727 996 1756 la
1036 1728 1078 1757 IV
1091 1749 1099 1763 ‚
1131 1738 1183 1764 13,
1209 1726 1343 1763 dicitur,
1371 1726 1509 1768 Eningia.
1530 1727 1626 1757 Forte
1649 1737 1717 1757 me-

320 1777 376 1796 net·
394 1767 539 1807 Brutique,
554 1767 831 1806 protendebantur.
851 1768 997 1798 Venedo-
1037 1767 1095 1797 lius
1116 1766 1269 1805 legeretur
1299 1766 1385 1796 Fenin
1409 1767 1448 1796 ia.
1480 1766 1586 1797 Hodie
1608 1766 1635 1794 la
1645 1765 1717 1795 Fin-

320 1817 387 1837 rnm
405 1808 591 1838 memoriam
604 1807 704 1837 adhuc
713 1807 828 1837 retinet
838 1807 926 1837 Sinus
936 1810 996 1838 Ve-
1035 1805 1127 1834 lande.
1164 1807 1347 1836 Fennorum
1394 1806 1535 1837 critatem
1551 1814 1718 1844 pauperta-

321 1847 461 1884 nedicus,
472 1858 554 1877 nunc
565 1846 589 1875 le
604 1846 682 1883 Golfe
691 1845 723 1875 de
733 1846 874 1886 Danczig.
887 1848 996 1877 Manet
1036 1854 1162 1884 temque
1186 1845 1331 1876 describit
1345 1845 1561 1876 NVarnefridus
1574 1869 1583 1881 ‚
1599 1846 1637 1875 de
1649 1846 1718 1876 Ge·-

320 1895 449 1925 quoque
463 1896 582 1917 nomen
595 1886 629 1916 in
642 1885 760 1915 Wenden
773 1910 782 1923 ,
795 1897 862 1925 quae
880 1897 945 1925 pars
955 1887 995 1916 est
1035 1885 1084 1915 stis
1104 1886 1172 1915 Lan
1196 1885 1407 1922 obardorum‚
1429 1887 1464 1923 Ι,
1491 1895 1518 1925 5.
1538 1884 1692 1914 Scritohini
1706 1907 1718 1922 ‚

319 1925 994 1965 Livoniae.CumGermanornmgentesplu·
1036 1924 1140 1963 poti'us
1185 1923 1333 1962 ‘critcfinni
1348 1946 1450 1962 .....
1477 1924 1578 1963 aestatis
1601 1933 1719 1961 tempore

320 1964 405 1994 rimae
430 1966 464 1996 in
481 1965 603 1996 Italiam
616 1989 625 2002 ,
639 1965 774 1996 Galliam
787 1989 796 2002 ‚
815 1965 993 2004 Hispaniam
1031 1964 1141 1994 nivibus
1161 1974 1215 1993 non
1232 1973 1329 1993 carent
1340 1987 1350 2000 ‚
1372 1974 1423 1992 nec
1439 1964 1522 2001 aliis,
1547 1963 1718 2001 utporeferis

319 2003 508 2042 irrupissent,
532 2004 675 2041 Venedi,
699 2005 771 2035 dieti
789 2005 993 2044 quoqueWi-
1031 2003 1095 2043 ipstr
1126 2003 1232 2032 ratione
1253 2013 1307 2032 non
1335 2003 1455 2042 dispares
1474 2027 1483 2039 ‚
1511 2005 1592 2042 qutim
1622 2002 1716 2032 crudis

319 2044 394 2073 nedi
416 2068 425 2079 ‚
453 2055 565 2075 vacuas
586 2044 670 2074 sedes
695 2054 887 2083 occupavere
912 2044 994 2074 inter
1032 2043 1176 2082 agrestium
1199 2043 1382 2072 animantium
1397 2042 1527 2072 carnibus
1539 2043 1713 2081 vescuntur;

319 2082 469 2114 vistulam
501 2085 535 2114 ὃ(
565 2084 681 2113 Albim.
715 2085 792 2114 Inde
813 2084 994 2114 Danubium
1032 2082 1064 2111 de
1080 2093 1189 2121 quorum
1212 2083 1294 2111 eriam
1321 2083 1402 2111 hirtis
1422 2082 1604 2121 pellibusfibi
1628 2080 1715 2110 indu-

319 2123 467 2160 trajecere
481 2147 491 2159 ‚
520 2123 727 2159 Dalmatiam,
750 2123 929 2162 Illyricum,
953 2124 992 2152 is·
1031 2131 1123 2151 menta
1142 2131 1281 2157 coaptant.
1309 2121 1347 2152 Hi
1364 2120 1514 2160 asaliendo
1530 2144 1538 2156 ,
1555 2121 1639 2159 juxta
1658 2120 1716 2149 lin-

319 2161 432 2199 triam‚
457 2164 595 2198 Carnos,
619 2162 812 2202 Noricasque
830 2163 922 2201 Alpes
942 2171 993 2193 te-
1028 2173 1113 2201 guam
1142 2161 1290 2191 barbaram
1309 2184 1319 2198 ,
1352 2159 1538 2199 etymologiam
1570 2159 1674 2188 ducunt
1698 2171 1711 2189 .-

317 2211 424 2231 nuere.
436 2202 483 2231 De
497 2212 604 2232 eorum
615 2201 746 2232 nomine
761 2212 827 2240 pars
837 2201 992 2232 Carniolae
1023 2201 1143 2238 fizlribus
1161 2201 1232 2231 enim
1252 2208 1380 2236 utentes,
1415 2208 1475 2228 arte
1498 2198 1616 2238 quadam
1635 2199 1714 2239 ligno

318 2240 418 2271 adhuc
433 2239 546 2271 dicitur
566 2240 781 2279 Wiszdismarck.
795 2243 846 2272 Ob
860 2241 993 2272 celebri-
1030 2241 1143 2270 incurvo
1156 2264 1166 2278 ‚
1187 2240 1223 2269 ad
1236 2239 1319 2268 aresti·
1327 2238 1553 2278 fimiHrudinem,
1566 2238 1648 2276 fhras
1662 2238 1715 2267 ad-

318 2288 416 2310 tatem
456 2279 719 2319 nobilitatemque
772 2281 992 2321 cognominati
1021 2281 1181 2319 sequuntur.
1210 2281 1246 2308 In
1273 2278 1320 2307 his
1346 2278 1472 2309 saltibus
1488 2302 1497 2314 ‚
1522 2278 1555 2307 in
1575 2279 1710 2310 incurvo

319 2319 388 2349 sunt
415 2320 497 2350 Slavi
515 2343 524 2356 ‚
555 2320 755 2359 latiffimeque
779 2320 866 2359 viget
882 2332 992 2351 eorum
1029 2327 1218 2357 arcuatoque
1239 2317 1348 2358 ligno,
1371 2318 1537 2358 agnoscere
1556 2319 1596 2348 est
1606 2320 1710 2349 Cana-

319 2358 426 2397 lingua
443 2383 453 2397 ,
481 2359 508 2388 Ia
535 2358 636 2398 langue
659 2359 812 2389 Sclavonne
826 2385 834 2395 ‚
871 2361 909 2390 de
931 2360 991 2399 qua
1029 2359 1135 2389 denses
1161 2358 1258 2388 soleas
1277 2380 1285 2391 ‚
1310 2367 1384 2397 quas
1403 2358 1499 2397 vulgo
1524 2358 1655 2388 dicimus
1670 2357 1712 2386 les*

317 2398 436 2430 erudite
465 2399 600 2432 disseruit
633 2399 683 2431 Cl.
715 2399 753 2431 de
775 2399 960 2440 Peyffonnel
980 2423 990 2439 ,
1028 2407 1175 2438 raquettes.
1203 2398 1316 2429 Earum
1345 2397 1591 2437 descriptionem
1633 2397 1712 2430 vide

1745 813 1799 841 10

1741 1131 1799 1160 20
