1952 2708
357 178 558 221 LIBRI
596 176 863 219 DECIMI
909 175 1322 220 ANNALIUM.
1426 193 1516 230 417

136 276 157 298 κ
168 257 350 302 silvarum
367 265 377 281 ¹
394 257 549 303 nobiles
575 286 588 308 ‚
614 256 661 298 ab
688 257 776 313 ipsis
800 257 922 312 aspici
938 261 978 303 ²3
1006 259 1168 299 advenis
1186 259 1254 300 sibi
1277 259 1511 306 occursare3

136 336 287 364 »notos
309 323 428 363 etiam
449 321 721 363 commercio:
746 334 898 376 patrem
913 319 1026 361 suum
1046 323 1094 361 eo
1116 313 1352 363 commeasse
1384 341 1391 363 :
1424 322 1515 364 illos

136 385 362 426 »excedere
386 387 599 426 hominum
615 384 932 439 magnitudinem
956 388 965 412 ³
984 413 997 433 ,
1013 383 1140 424 rutilis
1167 386 1293 426 comis
1307 415 1319 435 ‚
1342 386 1517 427 caeruleis
1560 367 1634 434 ³93

137 446 321 498 »oculis,
343 450 420 489 oris
438 449 537 490 sono
560 449 692 498 truci,
717 445 832 487 nullo
850 448 1098 488 commercio
1124 446 1268 502 linguae
1288 465 1295 487 :
1312 448 1402 489 feris
1429 451 1517 502 qui-

88 521 111 559 5
138 510 261 551 »dem
279 511 515 566 persimiles,
544 526 696 553 coetum
723 509 967 564 reliquorum
989 507 1219 550 mortalium
1244 511 1380 565 fugere
1409 529 1416 551 ε
1443 513 1521 552 mi-

140 590 162 610 >›
174 588 231 614 tes
269 587 405 616 tamen
424 606 437 627 ‚
470 574 589 627 justos
609 605 622 626 ‚
655 575 900 616 commercia
924 575 978 614 ita
1005 587 1193 629 peragere
1210 602 1222 623 ‚
1242 586 1285 612 ut
1311 574 1484 615 fluminis
1504 579 1522 603 4

140 635 364 679 »ulteriore
382 637 466 695 rip&
479 653 631 679 merces
650 638 792 695 positas
813 635 924 688 juxta
948 634 1105 677 venalia
1124 634 1292 684 tollant,
1319 636 1344 673 fi
1366 635 1523 690 placeat

139 703 415 755 »permutatio
445 719 488 742 ».
514 700 633 742 Tales
667 703 832 742 virtutes
872 702 913 740 in
948 698 1093 740 talibus
1124 697 1353 739 horninibus
1382 697 1523 751 aliquis

142 761 248 804 forte
277 764 483 806 mirabitur
502 795 516 817 ,
544 766 708 806 miretur
733 764 859 819 magis
889 776 952 804 tot
990 760 1178 818 periculis
1192 792 1205 813 ‚
1235 761 1418 817 impensis
1441 776 1526 802 ma-

1537 312 1568 336 A.
1578 312 1608 334 U.
1619 311 1649 334 C.

1575 458 1628 494 46.

144 884 239 923 ipfam
248 887 416 931 Australem
426 888 738 929 insulaeTaprobanes
751 898 814 928 par-

143 931 209 954 tem
239 925 383 958 habltaffe
412 929 574 968 ingeniose
607 928 738 966 conjicit
765 928 813 957 Cl.

144 963 302 996 d'Anville
311 990 320 1003 ‚
333 967 480 997 Memoires
491 968 522 997 de
535 967 701 997 l’Acadc‘mie
713 966 815 1006 Royale

145 1001 193 1046 def
204 1003 399 1042 Inscriptions,
410 1008 502 1038 Tom.
516 1009 632 1037 XXXII
646 1031 654 1044 ,
670 1017 732 1045 pag.
745 1010 814 1036 602.

145 1041 367 1075 Difficultatem
384 1050 505 1077 tantum
525 1046 637 1077 faceffit
649 1070 658 1083 ‚
675 1046 760 1085 quod
772 1046 815 1076 ul-

146 1088 192 1111 tra
203 1092 327 1114 montes
339 1086 476 1117 Emodos
486 1087 643 1117 locentur.

188 1126 207 1165 ¹·
223 1123 360 1154 Lamero
376 1136 534 1156 SILVARUM
551 1127 562 1162 ]
582 1127 626 1155 Ex
640 1124 737 1155 modo
751 1124 816 1153 lau-

145 1158 225 1203 datis
236 1162 328 1206 Plinii
341 1165 560 1204 Ammianique
576 1163 751 1194 Marcellini
761 1163 817 1193 tes-

146 1206 289 1244 timoniis
300 1225 308 1238 ‚
324 1203 481 1234 videretur
497 1207 582 1234 Seras
593 1214 659 1234 non
677 1214 714 1233 cx
725 1203 820 1233 bom-

149 1241 282 1279 bycibus
301 1265 309 1278 ‚
328 1241 367 1271 les
394 1253 456 1272 vers
483 1244 588 1282 fiscwic,
608 1243 658 1273 sed
683 1253 720 1272 ex
738 1241 819 1272 silvis

149 1281 536 1323 arborumquefrondibus
556 1283 589 1313 ὃς
602 1281 749 1312 fructibus
776 1281 821 1311 se-

150 1329 249 1363 ricum
272 1320 411 1351 texuisse.
445 1322 539 1360 Quod
562 1321 673 1352 sentire
696 1331 822 1360 quoque

152 1358 278 1389 videtur
288 1360 436 1399 Virgilius
449 1385 458 1399 ‚
480 1360 628 1400 Georgic.
645 1362 671 1390 11
688 1383 696 1396 ‚
719 1370 783 1389 ιιι.

186 1423 321 1456 Velleraque
337 1431 362 1448 ut
373 1423 441 1455 foliis
453 1423 573 1456 depeflant
581 1423 658 1448 tenuia
669 1422 757 1447 Seres?

152 1475 229 1505 Rem
247 1474 326 1513 apud
342 1475 502 1505 Romanos
520 1475 730 1514 divulgatam,
755 1484 827 1512 pro—

153 1514 291 1544 babilem
306 1513 381 1544 fecit
406 1515 436 1545 P.
459 1515 607 1545 Visdelou
624 1539 632 1551 ‚
656 1513 827 1553 docuitque

155 1554 189 1584 in
214 1553 344 1593 regione
373 1552 468 1593 Qigur
495 1554 551 1583 effe
567 1553 758 1584 arbusculam
776 1575 784 1587 ,
811 1563 827 1582 c

155 1593 241 1661 pujus
270 1592 369 1663 frggstu
389 1593 528 1661 eduspittrr
555 1593 641 1623 filum
663 1592 826 1637 ‘candidis-

168 1642 264 1662 imum
351 1640 435 1663 tenui
461 1643 557 1662 imum
582 1656 590 1668 ‚
622 1643 671 1662 cui
710 1641 827 1662 nomen

154 1671 297 1701 ΤΙιὶέ-ἰίέ.
316 1671 395 1703 Vide
418 1672 466 1701 Cl.
483 1672 641 1702 d'Anville
657 1695 665 1707 ‚
681 1670 829 1699 Memoires

156 1710 190 1739 de
212 1710 379 1740 l‘Acaddmie
410 1711 512 1750 Royale
547 1710 594 1739 des
619 1710 796 1749 Inscriptiom

157 1751 252 1780 Tom.
275 1751 414 1787 XXXII,
430 1761 495 1790 pag.
508 1754 579 1780 600.
594 1751 690 1781 Forte
702 1760 829 1790 quoque

158 1789 297 1832 usurpata
311 1789 396 1820 fuere
415 1799 430 1819 a
446 1790 567 1820 Sei-ibus
582 1814 590 1827 ‚
608 1792 653 1820 uti
672 1789 830 1828 hodieque

160 1839 176 1858 a
188 1828 363 1859 §mensibus
375 1829 556 1867 usurpantur
571 1852 579 1864 ‚
598 1829 770 1867 longiffirna
779 1829 831 1858 fila

160 1867 255 1898 serica
264 1891 273 1904 ‚
291 1878 358 1907 quae
370 1869 480 1907 magnai
493 1867 584 1907 copiit
596 1879 647 1907 per
662 1868 788 1898 arbores
798 1869 832 1898 &

160 1917 287 1946 campos
308 1917 324 1936 a
341 1907 523 1946 quibusdam
539 1917 697 1938 erucarum
714 1907 831 1945 specie-

161 1947 217 1976 bus
240 1946 269 1976 in
288 1946 451 1984 provincia
463 1947 627 1986 Chaa-song
649 1946 832 1976 funduntur.

162 1985 243 2016 Vide
262 1987 292 2015 P.
307 1986 348 2014 du
360 1986 459 2015 Halde
475 2009 483 2021 ,
502 1985 679 2023 Descriprion
700 1985 730 2013 de
743 1985 833 2014 [Ἑπι-

160 2025 219 2061 pire
233 2024 264 2052 de
275 2024 300 2053 la
314 2024 412 2061 Chiae,
422 2025 516 2054 Tom.
531 2026 558 2054 ΙΙ
568 2048 575 2059 ,
588 2034 655 2064 pag.
667 2025 833 2062 207.Tunc

164 2064 269 2094 forent
292 2063 503 2102 distinguenda
525 2064 618 2094 serica
653 2075 692 2094 ex
712 2064 835 2094 arbori-

161 2104 218 2133 bus
231 2124 239 2137 ‚
253 2104 285 2133 &
295 2102 487 2142 bombycina
503 2113 519 2132 e
534 2103 754 2142 bombycibus.
768 2103 836 2132 Nec

162 2150 229 2173 tum
246 2150 310 2172 erat
327 2142 419 2172 unica
429 2142 622 2181 bombycum
636 2142 748 2180 species
762 2165 770 2177 ‚
787 2141 837 2171 sed

163 2181 330 2220 multiplex
341 2205 348 2217 ‚
361 2190 394 2211 ut
409 2181 516 2211 videre
532 2181 572 2211 est
585 2181 664 2219 apud
679 2180 814 2210 Plinium
829 2201 837 2215 ‚

165 2222 208 2250 XI
222 2244 230 2256 ,
245 2231 283 2250 22
294 2222 327 2251 &z
338 2231 372 2258 23
386 2232 392 2249 ι
406 2221 547 2251 nondum
564 2228 717 2250 memorat
731 2218 839 2249 Sinen-

167 2259 429 2296 sem‚lndicamve
439 2259 604 2298 bombycis
618 2259 760 2298 speciem,
773 2269 839 2297 quae

168 2299 247 2335 apud
264 2310 321 2330 nos
346 2309 428 2329 nunc
445 2299 658 2337 vulgatissima.
684 2298 785 2328 Serica
805 2298 839 2328 δε

169 2338 362 2379 Bombycina
384 2338 540 2377 distinguit
553 2339 587 2368 Ul
613 2339 672 2368 ian.
689 2337 839 2376 inDigest.

169 2375 241 2405 libr.
263 2378 413 2413 XXXIV,
441 2377 506 2408 Tit.
529 2389 557 2408 2.
581 2348 612 2406 ziz
639 2377 715 2406 Auro
738 2375 767 2404 O‘
789 2385 840 2404 ar-

164 2424 248 2453 gento
264 2415 374 2454 legatis.
389 2418 465 2456 Leg.
481 2428 530 2456 23.
548 2415 842 2456 Vestinzentorumffin:

264 2465 385 2514 Tom.
410 2466 503 2516 IV.

855 887 935 916 lanea
958 886 1071 924 omnia,
1097 886 1220 925 lineaque
1240 908 1249 922 ,
1276 885 1319 914 vel
1339 883 1431 924 firica
1446 907 1455 921 ,
1484 883 1527 913 vel

855 926 1023 965 bombycina.

897 969 905 981 ²
939 967 983 994 AB
1021 974 1095 994 rrsrs
1129 963 1265 1000 ASPICI]
1296 964 1319 992 E
1349 961 1528 1001 longinquo

856 1004 984 1043 quidem
1015 1003 1241 1041 aspiciebantur
1266 1026 1275 1039 ‚
1306 1001 1456 1041 siquidem
1482 1002 1532 1029 in-

856 1052 961 1088 gentes
993 1043 1027 1073 ὃς
1057 1042 1146 1072 maris
1171 1043 1205 1073 ὃ(
1237 1049 1385 1072 terrarum
1420 1041 1530 1082 traCtus

856 1083 1102 1113 intercedebant.
1132 1083 1171 1111 At
1192 1081 1309 1120 semper
1328 1088 1533 1111 commercio-

857 1132 925 1152 rum
945 1121 1031 1152 causa
1052 1120 1231 1159 longinquae
1251 1120 1393 1159 regiones
1418 1118 1534 1157 petitae-

857 1163 924 1191 Jam
938 1161 1038 1191 multo
1059 1162 1146 1195 ante,
1169 1170 1235 1190 non
1255 1160 1352 1189 modo
1370 1159 1532 1188 Maracan-

859 1201 947 1237 dam‚
977 1198 1156 1229 Samarkand
1176 1221 1185 1234 ‚
1209 1198 1259 1228 sed
1277 1199 1310 1229 ὃς
1326 1197 1475 1228 Persidem
1489 1196 1533 1226 ob

861 1239 1048 1271 commercia
1061 1237 1201 1268 Sinenses
1230 1237 1395 1273 adierant,
1425 1244 1459 1266 ut
1486 1235 1534 1265 vi-

861 1280 932 1309 dere
954 1279 994 1309 est
1016 1278 1049 1307 in
1071 1287 1179 1307 eorum
1200 1276 1342 1306 Historia.
1363 1277 1464 1305 Immo
1490 1274 1534 1304 ob

861 1318 928 1348 illas
949 1317 1134 1356 longinquas
1150 1315 1415 1355 peregrinationes
1433 1323 1535 1356 reper-

863 1366 892 1388 ta
914 1358 952 1387 ab
981 1356 1049 1395 ipsis
1073 1356 1195 1386 videtur
1225 1355 1315 1393 pyxis
1339 1362 1536 1392 magnetica,

863 1396 889 1425 la
916 1395 1034 1436 Bouſjole
1053 1417 1061 1430 ‚
1110 1405 1179 1425 uam
1209 1393 1267 1424 suis
1294 1393 1432 1424 curribus
1447 1400 1535 1430 apta-

863 1437 939 1467 bant
961 1458 970 1472 2
997 1444 1031 1465 ut
1056 1405 1145 1473 ipsius
1165 1444 1224 1472 ope
1248 1433 1327 1464 inter
1348 1432 1468 1462 viarum
1485 1431 1536 1473 in-

865 1484 946 1506 certa
976 1474 1095 1505 cursum
1117 1473 1294 1511 dirigerent.
1315 1472 1425 1501 Talem
1444 1480 1537 1509 pyxr-

866 1515 912 1544 dis
941 1514 1122 1553 magnetica:
1146 1513 1230 1542 usum
1254 1519 1407 1542 memorat
1428 1518 1539 1540 eorum

866 1553 999 1584 Historia
1024 1553 1077 1583 sub
1095 1554 1283 1589 Imperatore
1296 1548 1539 1589 Tching-Outzng‚

865 1594 904 1624 ad
924 1603 1041 1623 annum
1073 1595 1148 1622 1106
1163 1613 1171 1626 ,
1195 1598 1268 1621 ante
1283 1589 1448 1620 Christum.

907 1637 915 1657 3
940 1633 1101 1662 ΙίοΜικυΜ
1125 1630 1396 1666 MAGNITUDINEM]
1416 1628 1486 1657 Haec
1506 1626 1540 1658 δί

867 1671 950 1710 seqq.
982 1671 1060 1701 Plin.
1094 1672 1160 1704 VI,
1196 1680 1245 1699 22.
1270 1670 1337 1698 Jarn
1361 1666 1541 1697 monuimus

820 1733 829 1746 ‚
868 1711 953 1749 supra
977 1712 1061 1740 Seras
1082 1709 1139 1739 esse
1161 1708 1297 1752 Scythas.
1322 1706 1351 1737 Si
1370 1706 1439 1745 quis
1464 1706 1541 1735 vero

868 1760 950 1780 nunc
981 1759 1090 1780 eorum
1125 1747 1374 1786 magnitudinem
1395 1769 1403 1781 ‚
1437 1744 1542 1775 rutilas

868 1799 992 1824 comas,
1017 1787 1162 1819 caeruleos
1182 1787 1292 1817 oculos
1313 1785 1454 1816 conferat
1471 1792 1542 1813 cum

870 1828 905 1858 iis
938 1837 1004 1867 quae
1034 1827 1114 1857 diua
1140 1827 1207 1856 sunt
1232 1825 1319 1864 supra
1341 1824 1373 1853 in
1399 1823 1480 1853 libro
1509 1821 1543 1849 de

868 1867 995 1895 Moribus
1024 1865 1247 1898 Germanorum,
1282 1873 1347 1901 cap.
1374 1874 1403 1900 4.
1423 1861 1544 1890 Habitus

869 1916 968 1945 quoque
990 1915 1127 1941 corporum
1148 1928 1156 1941 ‚
1190 1913 1331 1941 numquam
1353 1902 1382 1931 in
1403 1910 1479 1930 tanto
1494 1900 1545 1928 ho-

871 1946 971 1975 minum
986 1954 1094 1973 numero
1118 1966 1126 1979 ‚
1155 1944 1172 1972 ii
1184 1953 1224 1972 em
1239 1941 1361 1971 omnihus
1376 1953 1384 1968 .·
1405 1949 1495 1969 truces
1512 1937 1544 1967 Cr

873 1984 980 2014 caerulei
999 1983 1089 2021 oculi,
1110 1982 1199 2011 run’lae
1222 1991 1303 2011 comae
1326 2004 1335 2017 ‚
1361 1990 1463 2019 magna
1484 1988 1546 2007 cor-

870 2034 938 2062 pora
966 2033 978 2059 ,-
1021 2032 1141 2054 novum
1157 2021 1215 2052 erit
1234 2027 1449 2060 argumentum
1464 2019 1548 2048 Ger-

875 2073 984 2094 manos
1008 2062 1064 2093 effe
1093 2061 1236 2100 Scythiczi
1272 2059 1403 2096 origine.
1431 2059 1548 2087 Truces

876 2112 1002 2146 quoque
1023 2103 1128 2131 Serum
1143 2100 1210 2130 soni
1225 2099 1419 2138 asperitatem
1433 2096 1550 2136 Scythi-

877 2151 918 2171 cae
941 2142 1053 2180 lingua:
1069 2148 1210 2178 arguunt.
1528 2173 1534 2180 .

916 2185 931 2202 4
951 2180 1105 2210 Frumirus
1125 2180 1138 2215 ]
1165 2177 1279 2208 Plinius
1293 2201 1301 2214 ‚
1328 2177 1369 2207 Vl
1389 2199 1398 2212 ‚
1418 2185 1462 2214 17.
1482 2173 1552 2203 Prz-

878 2229 948 2247 mum
979 2229 1067 2247 eorum
1091 2220 1102 2253 (
1130 2220 1236 2248 Serum
1261 2220 1272 2252 )
1308 2215 1426 2253 noscitur
1443 2213 1550 2252 flumen

878 2258 1013 2297 Pfitaras.
1039 2258 1171 2287 Flumen
1200 2256 1278 2286 illud
1302 2255 1385 2285 idem
1418 2253 1474 2283 ess'e
1499 2253 1553 2296 gle-

879 2299 953 2333 bet,
973 2297 1059 2333 quod
1079 2306 1162 2326 nunc
1178 2295 1292 2325 dicitur
1303 2294 1329 2323 la
1344 2293 1441 2322 riviere
1455 2291 1552 2320 d'rer-

876 2336 971 2376 ghien.
985 2335 1139 2366 Ulteriore
1161 2342 1264 2365 autem
1278 2333 1342 2372 ripir
1354 2332 1553 2372 ponebantur·

880 2386 997 2406 merces
1008 2399 1016 2412 ,
1033 2375 1118 2414 quod
1134 2374 1322 2404 commercia
1338 2370 1555 2411 exspectabant

880 2417 965 2446 Seres
979 2439 987 2453 ‚
1005 2415 1078 2446 teste
1096 2414 1196 2444 Plinio
1211 2438 1220 2451 ‚
1242 2413 1316 2443 ibid.

1247 2471 1362 2520 heta
