1952 2708
610 172 1184 220 AGRICOLA.

1535 198 1594 235 79

197 260 312 305 latias
341 249 540 298 dominari
566 266 675 294 mare
704 258 715 275 ¹
743 282 757 304 ,
786 251 1203 309 multum-fluminum
1234 261 1315 303 huc
1343 275 1460 319 atque
1491 262 1594 309 illuc

195 326 298 366 fen-e
314 351 327 373 9
352 335 429 361 nec
452 316 572 359 litore
592 330 709 358 tenus
737 316 968 359 accrescere
997 331 1066 358 aut
1095 318 1316 373 resorberi,
1333 327 1400 367 sed
1426 329 1591 372 influere

193 387 354 444 penitus
370 397 489 438 atque
506 380 680 433 ambire,
707 385 748 423 &
769 381 874 437 jugis
893 397 940 424 ac
961 383 1082 424 etiam
1101 383 1307 426 montibus
1336 389 1455 430 inseri
1480 392 1593 435 velut

196 453 239 492 in
254 449 341 491 suo.

258 513 300 554 X
312 512 346 553 I.
381 511 417 553 C
428 522 629 552 ETERUM
645 538 659 560 ,
683 508 934 550 Britanniam
951 510 1020 564 qui
1035 509 1226 552 mortales
1243 512 1361 554 initio
1374 513 1592 571 coluerint,

196 577 396 632 indigenae
415 580 428 596 ²
447 590 499 617 an
515 574 668 615 adveffi
681 602 694 624 ,
710 585 755 614 ut
776 574 881 614 inter
903 572 1090 616 barbaros
1110 605 1124 626 ,
1152 590 1292 631 parum
1323 591 1592 635 compertum.

195 641 371 682 Habitus
395 653 612 695 corporum
629 638 729 679 varii
751 654 758 676 ε
779 650 898 691 atque
918 652 968 678 ex
989 653 1038 679 eo
1062 653 1297 694 argumenta
1315 657 1323 681 z
1346 656 1516 696 namque
1533 661 1593 686 ru-

195 703 273 746 tilae
290 703 558 745 Caledoniam
573 701 843 743 habitantium
860 706 870 729 ³
893 717 1017 743 comae
1032 733 1044 753 ,
1065 704 1201 758 magni
1225 717 1331 745 artus
1344 735 1356 755 ,
1381 706 1593 749 Germani-

196 783 286 809 cam
313 769 512 823 originem
527 771 544 795 4
567 766 814 807 adseverant.
840 764 1018 806 Silurum
1035 771 1048 798 5
1068 766 1240 809 colorati
1255 767 1390 810 vultus
1406 799 1418 819 ,
1439 773 1479 810 δε
1496 772 1593 812 torti

118 842 169 872 10
195 831 431 889 plerumque
447 832 577 872 crines
593 828 633 882 ⁶,
659 833 700 871 ὃς
722 829 847 886 posita
867 829 1009 871 contra
1026 831 1220 887 Hispania
1245 862 1258 883 ‚
1284 832 1421 874 Iberos
1438 839 1452 861 ⁷
1484 848 1595 875 vete-

194 910 255 937 res
283 894 506 948 trajecisse,
527 893 670 948 easque
695 893 806 934 sedes
837 894 1049 950 occupasse
1074 895 1193 936 fidem
1217 896 1399 950 faciunt:
1418 899 1594 954 proximi

195 958 326 1001 Gallis
352 956 366 981 8
384 989 397 1010 ,
425 963 465 1000 ὅ(
483 956 627 999 similes
644 957 734 998 sunt
763 975 771 998 :
798 957 867 998 seu
895 957 1061 1000 durante
1083 960 1248 1015 originis
1267 962 1334 1008 vi;
1365 961 1433 1001 seu
1456 992 1469 1013 ,
1496 977 1592 1019 pro-

195 1023 448 1064 currentibus
474 1024 516 1063 in
543 1022 698 1064 diversa
727 1026 744 1051 9
770 1023 883 1063 terris
907 1051 920 1072 ,
954 1023 1098 1079 positio
1136 1023 1222 1064 caeli
1256 1024 1493 1081 corporibus
1523 1028 1595 1067 ha-

194 1085 324 1127 bitum
351 1086 461 1128 dedit
486 1103 493 1125 :
519 1086 561 1126 in
598 1086 830 1127 universum
869 1099 1005 1127 tamen
1031 1088 1237 1129 aestimanti
1257 1118 1271 1138 ,
1303 1087 1446 1130 Gallos
1490 1091 1594 1130 vici-

115 1163 131 1192 1
145 1162 165 1203 5
193 1165 292 1190 num
316 1150 446 1192 solum
476 1150 688 1205 occupaffe
700 1179 712 1199 ‚
729 1148 922 1190 credibile
940 1151 1006 1190 est.
1027 1150 1180 1190 Eorum
1196 1151 1304 1192 sacra
1320 1158 1353 1174 ¹0
1369 1153 1593 1208 deprehen-

193 1213 261 1256 das
286 1244 300 1266 ,
327 1214 652 1271 superstitionum
680 1212 930 1269 persuasione
953 1230 961 1253 ε
991 1214 1121 1255 sermo
1147 1219 1176 1236 ¹¹
1203 1215 1311 1256 haud
1338 1215 1510 1256 multum
1532 1216 1594 1256 di-

232 1332 240 1346 ¹
274 1327 396 1357 Larius
430 1335 592 1356 nominaui
626 1335 712 1356 MARE
731 1324 746 1360 ]
779 1324 873 1355 Certe

189 1365 342 1405 nusquam
366 1365 458 1396 latius
477 1389 485 1401 ,
510 1366 604 1404 quam
621 1364 654 1394 in
667 1366 798 1394 Oceano
812 1364 872 1394 do-

189 1405 328 1436 minatur
342 1415 426 1436 mare
441 1416 448 1434 :
465 1415 523 1435 nec
546 1404 737 1443 quotidiano
752 1412 801 1434 tot
820 1404 873 1434 flu-

189 1445 313 1476 minum
335 1445 454 1476 acceffu
467 1444 575 1475 crescit
587 1468 596 1481 ‚
616 1452 668 1474 aut
685 1443 873 1473 resorbetur.

188 1484 241 1515 Sic
262 1485 349 1515 terris
368 1483 587 1516 circumfusum
605 1492 698 1523 atque
715 1482 810 1513 etiam
828 1483 875 1512 in—

189 1523 340 1555 terfusum
352 1548 361 1560 ,
384 1524 464 1563 jugis
482 1534 516 1554 ac
529 1523 693 1554 montibus
707 1545 717 1559 ,
737 1523 825 1553 velut
841 1522 875 1552 in

189 1563 244 1595 suo
259 1587 268 1601 ,
287 1563 446 1594 inseritur.

232 1607 242 1619 ²
275 1605 436 1634 Ismenius
460 1605 473 1641 ]
507 1603 555 1633 De
573 1601 730 1641 indigenis
759 1601 875 1632 dictum

189 1641 279 1681 supra
293 1643 326 1672 in
341 1643 424 1674 libro
440 1643 478 1673 de
490 1641 634 1673 Motibus
645 1643 875 1672 Germanorum

189 1691 257 1721 cap.
276 1695 301 1713 ι.
324 1683 492 1714 Britannos
511 1682 679 1713 interiores
696 1706 705 1718 ,
721 1692 799 1721 quos
819 1691 874 1709 na-

186 1729 232 1750 tos
247 1722 275 1751 in
292 1723 380 1760 insani
401 1723 457 1760 ipsa*
475 1722 605 1751 memorid
625 1721 761 1758 proditum
781 1722 875 1752 tradit

187 1761 288 1792 Julius
305 1762 403 1792 Caesar
417 1762 494 1793 Bell.
505 1762 588 1792 Gall.
600 1764 627 1792 V
640 1785 649 1798 ‚
666 1772 713 1791 12.
734 1761 792 1791 effe
810 1761 876 1792 ori-

191 1800 266 1840 gine
281 1802 458 1834 Germanos
485 1801 601 1832 merito
628 1800 791 1832 adseverat
815 1802 877 1831 Ta-

191 1839 286 1871 citus.

234 1885 244 1906 ³
270 1882 489 1913 CALEDONMM
514 1882 756 1918 namt-Antium]
782 1880 875 1911 Cale-

192 1918 290 1950 donia
309 1943 318 1956 ‚
345 1920 468 1961 l'Ecqffe.
498 1921 545 1951 lbi
577 1920 734 1951 immensae
756 1920 839 1950 filvae
868 1931 874 1949 :

189 1959 275 1989 unde
301 1959 441 1999 Plinius,
471 1963 535 1997 IV,
558 1964 614 1998 16,
640 1960 772 2000 Triginta
794 1970 877 1997 prope

184 1999 246 2037 jam
270 1999 357 2028 annis
386 2001 512 2030 notitiam
536 2000 595 2038 ejus
624 2000 759 2030 Romanis
792 2001 877 2029 armis

190 2048 245 2067 non
263 2038 336 2067 ultra
357 2039 531 2070 vicinitatem
540 2039 623 2079 filvae
639 2039 798 2070 Caledoniae
808 2051 876 2078 pro-

187 2077 376 2118 pagantihus.

232 2123 247 2141 4
268 2119 498 2149 GERMANICAM
525 2121 714 2156 cinomiam]
748 2120 878 2150 Germa-

189 2166 305 2187 norum
324 2158 431 2187 rutilas
446 2169 551 2189 comas
569 2182 578 2194 ‚
604 2169 717 2198 magna
730 2168 876 2197 corpora,

190 2197 328 2228 vidimus
342 2197 429 2236 supra
447 2198 485 2228 de
498 2198 639 2229 Moribus
653 2200 876 2237 German.cap.

233 2281 242 2302 5
267 2277 412 2307 Suuizum
429 2281 441 2311 ]
464 2276 580 2307 Silures
598 2300 607 2313 ,
628 2287 713 2307 nunc
730 2277 769 2306 les
781 2278 879 2306 comre'r

193 2313 225 2343 de
239 2314 412 2356 Glamorgan
436 2339 444 2351 ,
468 2315 500 2345 de
516 2316 679 2345 Monmourh
695 2341 704 2353 ‚
736 2316 768 2346 de
786 2318 877 2347 Bret-

194 2353 264 2382 noch
277 2377 286 2389 ,
314 2355 346 2384 de
363 2355 496 2393 Herefhrd
517 2355 546 2384 Cr·
565 2355 597 2385 de
613 2356 738 2387 Radnor.

233 2394 247 2412 ⁶
270 2394 419 2433 Camss]
443 2396 616 2427 Coloratos
640 2396 774 2427 Silurum
802 2396 876 2427 vul—

194 2438 264 2471 tus,
286 2434 320 2466 &
345 2442 445 2467 tortos
475 2437 660 2477 plerumque
690 2437 792 2468 crines
807 2461 817 2476 ‚
842 2447 878 2469 ac

913 1325 1020 1365 nigros
1043 1334 1198 1358 memorat
1219 1328 1413 1363 Jornandes,
1443 1329 1496 1366 qui
1512 1328 1595 1361 hunc

912 1367 1017 1397 Taciti
1042 1367 1147 1398 locum
1165 1367 1328 1406 exscripsit.
1347 1368 1428 1398 Vide
1440 1368 1594 1400 Testimo-

913 1406 964 1436 nia
992 1409 1150 1437 Veterum.
1173 1407 1345 1438 Coloratos
1377 1407 1434 1437 hos
1458 1408 1561 1438 vultus
1584 1432 1593 1444 ,

913 1445 1074 1484 tortosque
1104 1446 1204 1477 crines
1232 1447 1354 1477 Gallice
1382 1446 1538 1484 dicimus,
1570 1447 1596 1476 le

916 1486 985 1514 [einr
1001 1485 1115 1515 olimirre
1127 1509 1135 1521 ‚
1166 1486 1204 1514 les
1228 1486 1348 1515 cheveux*
1368 1486 1473 1523 crepat.
1489 1489 1595 1524 Quem

913 1525 1055 1564 corporis
1082 1525 1226 1556 habitum
1245 1526 1384 1556 retinent
1405 1526 1505 1557 adhuc
1524 1526 1595 1556 His-

913 1575 1068 1604 panorum
1085 1565 1223 1604 plurimi.

954 1611 965 1630 7
990 1606 1133 1642 Insnos]
1160 1606 1288 1635 Nomen
1311 1605 1412 1644 gentis
1433 1605 1596 1643 Hispanae,

915 1644 957 1674 ita
979 1644 1065 1674 dietae
1085 1645 1124 1675 ab
1140 1645 1233 1675 Ibero
1253 1645 1383 1675 flumine
1396 1669 1404 1682 ‚
1416 1655 1498 1675 nunc
1509 1644 1595 1683 Ehro,

913 1684 967 1714 vel
986 1683 1090 1713 l'Ebre.

959 1723 970 1742 8
995 1725 1141 1755 Pnoxtmr
1176 1725 1294 1754 GALLIS
1323 1724 1337 1760 ]
1375 1725 1462 1761 Quos
1492 1723 1598 1754 laudat

915 1763 1016 1794 Caesar
1035 1786 1045 1799 ‚
1075 1764 1154 1794 Bell.
1178 1764 1261 1794 Gall.
1281 1766 1306 1794 V
1319 1786 1328 1799 ‚
1354 1775 1399 1801 14.
1425 1763 1470 1792 Ex
1483 1763 1525 1791 his
1540 1773 1597 1791 om-

915 1803 996 1832 nibus
1031 1803 1111 1843 longe*
1128 1803 1196 1842 fissit
1223 1803 1402 1842 humanifflmi
1418 1828 1428 1841 ,
1448 1803 1492 1841 qui
1515 1801 1599 1832 Can-

917 1843 985 1872 tium
1000 1867 1009 1880 ,
1030 1853 1115 1874 nunc
1142 1848 1214 1872 Ketis
1234 1867 1244 1880 ,
1270 1843 1392 1872 incolunt
1409 1867 1417 1879 ‚
1443 1853 1500 1881 quae
1524 1842 1599 1881 regio

916 1883 951 1922 est
974 1883 1115 1912 maritima
1128 1883 1216 1912 omnis
1230 1907 1238 1920 ‚
1257 1893 1342 1921 neque
1363 1883 1475 1912 multllm
1491 1892 1507 1911 α
1523 1881 1597 1912 Gal-

915 1923 969 1952 licei
989 1922 1123 1962 differunt
1150 1923 1349 1961 consuetudine.

955 1968 968 1987 ⁹
992 1965 1276 1993 Paocuaassmmus
1299 1973 1328 1991 1N
1351 1962 1598 1998 mvmsAReu,

916 2005 989 2034 cum
1015 2013 1081 2041 pars
1107 2003 1161 2034 illa
1182 2002 1349 2033 Britanniae
1381 2002 1411 2031 in
1438 2001 1598 2037 Galliam,

916 2053 985 2082 pars
1001 2042 1113 2073 Galliae
1128 2043 1163 2072 in
1182 2042 1375 2072 Britanniam
1394 2049 1599 2079 procurreret,

917 2083 1027 2113 eadem
1052 2082 1117 2112 caeli
1142 2081 1255 2120 positio
1283 2080 1428 2112 eumdem
1460 2080 1598 2119 corpori-

916 2123 972 2151 bus
988 2121 1131 2151 habitum
1147 2121 1246 2151 dedit.

958 2167 986 2181 ¹0
1007 2163 1126 2191 Eorum
1151 2164 1272 2194 sacrm]
1291 2162 1335 2190 Ac
1348 2159 1484 2190 maxime
1499 2158 1596 2188 Drui-

918 2201 990 2236 das,
1013 2202 1046 2231 ὅ(
1060 2200 1210 2230 fanaticas
1226 2210 1337 2231 eorum
1356 2199 1597 2238 superstitiones.

917 2241 999 2271 Vide
1021 2241 1110 2279 supra
1123 2241 1237 2270 Annal.
1256 2241 1327 2270 xiv
1340 2263 1348 2275 ‚
1372 2250 1419 2277 30.

957 2285 980 2299 ¹¹
1006 2281 1144 2316 Srkmo]
1175 2282 1360 2310 Sermonem
1384 2278 1473 2308 illum
1497 2277 1597 2307 adhuc

919 2319 1056 2349 retinent
1073 2319 1155 2356 apud
1167 2319 1284 2359 Anglos
1294 2343 1303 2355 ,
1317 2318 1371 2358 qui
1385 2317 1597 2358 Cornubiam3

919 2358 1063 2388 Cornu‘czll
1076 2383 1083 2394 ‚
1104 2358 1266 2393 habitant,
1291 2358 1373 2397 apud
1393 2358 1501 2387 Gallos
1515 2380 1523 2391 ‚
1541 2363 1595 2393 qux

919 2399 1132 2430 Aremoricam
1154 2422 1164 2435 ,
1184 2398 1211 2426 l.z
1240 2397 1484 2439 Basta-Breeagne·
1502 2395 1598 2438 inco-

919 2438 997 2470 lunt.
1032 2439 1091 2470 Sed
1118 2448 1157 2469 ex
1183 2438 1293 2478 Belgio
1316 2437 1451 2468 maxims:
1476 2435 1596 2465 111Br1-⁴
