1952 2708
289 190 376 234 AD
409 187 773 232 DIALOGUM
806 190 893 229 DE
928 192 1369 238 ORATORIBUS.
1449 213 1534 252 255

203 271 295 306 NoN
325 278 491 304 Rumssus
515 269 533 312 ]
561 266 659 302 Bene
681 265 829 314 Lipsius.
858 264 951 301 Haec
974 266 1072 302 enim
1098 280 1118 303 a
1138 270 1400 318 gladiatoribus
1422 273 1537 325 sump-

151 329 198 357 ta.
222 319 264 353 In
286 316 363 353 Mss.
387 318 422 353 &
446 316 625 353 veteribus
644 315 866 352 editionibus
881 343 890 359 ,
912 316 1057 362 ficdihus.

203 367 399 403 EJusMODI
427 378 743 403 PRAECEPTofflssus
766 369 784 412 ]
814 365 870 401 Ita
893 365 968 403 Mff.
995 365 1112 403 vatic.
1138 366 1196 403 Sic
1220 382 1366 420 quoque
1390 374 1539 412 volebat

149 416 372 455 Gronovius.
397 415 497 453 Libri
520 417 633 460 editi,
660 416 931 463 praeceptionibus.

200 468 437 509 CUICUMQUE
468 471 633 514 CAUsAE]
661 467 717 503 Ita
740 464 874 515 Lipsius
893 478 912 503 e
937 465 1003 502 ΜΓ.
1025 465 1070 501 In
1093 468 1271 505 veteribus
1293 470 1536 520 editionibus,

148 519 314 566 unicuique
342 517 453 564 causae.
1398 523 1405 536 ¹

200 567 293 604 NON
319 578 458 603 MULTo
482 571 499 613 ]
530 567 586 603 Ita
607 566 690 603 libri
716 579 840 603 omnes
863 565 963 604 editi.
990 565 1031 601 In
1058 566 1134 602 Mff.
1162 567 1279 604 Vatic.
1305 573 1454 608 multum.

191 617 408 660 HomEQUE
431 621 447 664 ]
477 617 614 653 Omiffa
633 618 672 653 in
695 617 874 655 veteribus
892 615 1115 654 editionibus
1134 619 1280 666 copula.
1302 619 1344 656 In
1368 622 1437 657 Ms.
1460 623 1533 665 Vaf

147 668 209 705 tie.
236 668 336 704 1862
351 694 363 712 ,
388 668 478 703 hodie
503 680 633 716 quoque.

194 767 302 804 CAP.
331 766 475 804 XXXV.
505 766 551 803 IN
578 772 752 814 SCENAS]
783 768 880 804 Male
899 767 1078 804 editiones
1096 776 1253 813 veteres,
1279 771 1312 805 iti
1327 769 1435 816 scenti.
1455 771 1538 808 Sce-

147 829 209 854 nas
236 828 355 853 autem
379 816 676 853 scholasticorum
699 818 883 867 appellat,
910 818 994 854 loca
1017 817 1055 853 in
1082 818 1210 867 quibus
1226 846 1235 862 ‚
1267 819 1366 856 velut
1388 833 1451 869 per
1476 821 1537 857 lu·-

144 867 219 902 sum
233 895 242 910 ‚
265 867 385 903 fucata
407 869 440 903 ὃς
461 867 652 917 personata
674 868 883 919 eloquentia
901 867 1140 906 exercebatur.
1165 869 1280 916 Quod
1299 870 1390 906 reffle
1417 883 1536 907 anno-

146 917 238 953 tavit
269 916 416 965 Lipsius.

200 967 239 1003 L.
271 969 418 1003 CRAsso
439 967 465 1012 ]‘
485 968 672 1016 Perperam
696 967 779 1003 libri
805 968 918 1010 editi,
946 970 1058 1004 Marco
1083 969 1198 1017 Crciffii.
1223 969 1332 1006 Error
1364 983 1407 1007 ex
1431 971 1538 1007 scioli

145 1016 294 1065 alicujtis
307 1044 317 1060 ,
331 1017 403 1066 qui
422 1017 578 1052 Crassum
600 1017 783 1054 censorem
802 1018 966 1055 eumdem
988 1018 1085 1054 suiss'e
1109 1031 1150 1054 ac
1170 1018 1333 1055 Marcum
1355 1021 1511 1056 Crassum
1526 1046 1537 1064 ‚

144 1067 392 1102 Romanorum
411 1066 634 1110 ditissimum,
653 1067 696 1102 de
715 1080 790 1116 quo
808 1081 891 1103 mox
909 1068 1047 1104 dicetur
1063 1081 1140 1116 cap.
1161 1081 1220 1116 37.
1242 1069 1405 1105 credidit.
1427 1070 1535 1106 Forte

147 1116 236 1152 olim
261 1116 429 1165 scriptum
443 1143 454 1159 ‚
483 1116 586 1163 crasfi)
607 1118 644 1152 ξφ
665 1120 811 1152 Domitio
832 1118 1004 1164 censoribus
1020 1146 1029 1160 ‚
1055 1131 1131 1153 non
1153 1118 1278 1154 addito
1299 1120 1534 1167 prccnomine.

193 1166 476 1202 DEDUCUNTUR
505 1178 546 1202 1N
574 1171 778 1213 SCHOLAS]
809 1167 864 1202 Ita
886 1167 965 1203 Mss.
998 1167 1117 1205 Vatic.
1145 1169 1234 1204 Non
1258 1168 1308 1204 ita
1337 1168 1426 1205 bene
1452 1169 1538 1205 libri

145 1214 258 1259 editi,
286 1216 480 1251 deducimur.

194 1267 273 1301 SED
301 1277 341 1302 IN
370 1268 517 1311 QUEM]
547 1265 608 1301 Sed
631 1266 794 1301 omiffum
817 1266 927 1302 vellet
954 1266 1127 1303 Ernestus.

193 1315 317 1357 AEQUE
347 1327 554 1351 IMPERITUS
578 1319 595 1361 ]
624 1316 681 1351 Ita
704 1315 783 1351 Mss.
810 1315 928 1353 vatic.
958 1315 1002 1352 In
1035 1316 1136 1352 libris
1163 1316 1292 1360 editis,
1322 1319 1532 1367 perturbato

142 1365 296 1409 ordine,
326 1367 490 1411 imperitus
514 1367 609 1412 a’qud.

190 1415 249 1451 ET
276 1426 428 1452 D1CANT
451 1418 468 1460 ]
498 1414 596 1450 Bene
619 1414 697 1450 Mff.
723 1414 840 1451 vatic.
868 1415 1015 1464 Copula
1037 1415 1131 1452 abest
1155 1428 1176 1452 a
1201 1416 1301 1452 libris
1322 1417 1440 1454 editis.

194 1465 462 1501 DECLAMATro
491 1477 650 1506 QUOQUE
677 1477 933 1502 ADfflBEATUR
965 1470 982 1512 ]
1012 1466 1197 1510 Pithoeus,
1225 1468 1427 1504 Declamatio
1458 1481 1537 1517 quo-

145 1529 201 1563 que
215 1515 335 1562 similis
361 1515 558 1550 adhibeatur.

195 1565 259 1599 AD
287 1576 410 1600 vERos
435 1576 590 1600 JUDICES
620 1576 787 1601 VENTUM
816 1577 880 1601 EST
907 1569 924 1611 ]
954 1564 1037 1601 Post
1063 1566 1142 1601 haec
1169 1566 1301 1608 verba,
1330 1576 1535 1615 temporum

145 1613 335 1663 iniquitate
355 1613 467 1650 multa
490 1613 628 1663 periisse
653 1616 722 1663 jam
746 1615 962 1652 monuimus.
989 1615 1090 1652 Idem
1117 1615 1287 1652 testantur
1311 1616 1388 1652 Mff.
1416 1617 1531 1652 Vatic.

144 1664 209 1713 qui
231 1664 305 1699 hoc
328 1663 366 1699 in
381 1663 469 1700 loco
492 1677 659 1714 magnam
679 1664 815 1701 habent
833 1665 1010 1702 lacunam.
1031 1665 1187 1715 Margini
1205 1666 1272 1702 Ms.
1291 1666 1410 1702 Vatic.
1434 1669 1535 1715 1518

143 1712 385 1763 adscriptum,
411 1716 474 1749 Hic
496 1715 605 1761 desum
621 1716 683 1763 sex
702 1717 854 1763 pagellae.
878 1716 921 1752 In
943 1716 1011 1752 Ms.
1036 1716 1154 1753 vatic.
1176 1719 1280 1762 4498
1297 1744 1307 1760 ‚
1337 1726 1502 1752 notatum
1529 1729 1540 1752 :

144 1765 205 1798 Hic
218 1765 355 1799 multi'cm
369 1764 488 1812 deficit.
507 1764 708 1802 Infeliciter
718 1765 879 1802 tentabat
894 1766 1141 1816 Schultingius
1154 1793 1164 1810 ,
1179 1767 1247 1801 ciem
1261 1767 1303 1801 ad
1315 1779 1404 1802 veros
1415 1767 1538 1814 judices

145 1825 275 1849 rentiam
294 1814 336 1862 est
350 1842 360 1858 ‚
388 1827 442 1850 nec
467 1829 533 1851 rem
551 1819 689 1865 cogitare
705 1816 841 1862 poffinr,
863 1819 916 1865 qui
938 1818 1019 1852 nihil
1042 1817 1159 1851 humile
1174 1843 1184 1859 ,
1208 1818 1288 1852 nihil
1307 1818 1445 1851 alienum
1473 1817 1539 1851 elo-

145 1866 200 1911 qui
230 1875 391 1909 poterant.
425 1867 624 1901 Commoveri
657 1867 700 1901 ad
724 1868 786 1901 ha’c
819 1871 920 1912 Aper.
953 1867 1001 1902 At
1022 1869 1202 1902 Maternus,
1238 1869 1290 1901 Ita
1316 1865 1382 1913 cst,
1409 1869 1538 1914 inquit,

145 1926 264 1961 magna
285 1915 462 1962 eloquentia
492 1918 560 1951 &c.
588 1915 734 1952 Pesfime
764 1916 1102 1959 Schurzfleischius,
1130 1917 1308 1964 ingentibus
1334 1916 1437 1951 serbis
1458 1929 1537 1962 per-

138 1964 341 2011 sequantur,
369 1965 463 2008 clim,
492 1966 544 2000 ubi
568 1966 609 2001 ad
638 1979 728 2002 veros
758 1967 883 2014 judices
917 1979 1047 2003 venri-im
1071 1966 1138 2014 est,
1167 1967 1248 2001 m‘lzil
1285 1967 1427 2009 humile,
1456 1966 1538 2001 nihil

146 2014 303 2063 abjel'lum
324 2015 426 2063 eloqui
451 2026 604 2060 oporteat.

197 2112 304 2149 CAP.
334 2112 500 2149 XXXVI.
527 2113 666 2151 Tssmm
694 2126 757 2150 FAs
786 2127 890 2151 ERAT
915 2117 926 2162 ]
957 2115 1055 2151 Malt-
1082 2111 1446 2159 veteres'editiones,
1475 2117 1537 2150 im-

147 2163 200 2198 hui
219 2163 276 2210 fas
297 2175 378 2198 erat.

198 2214 290 2248 ISTA
318 2223 649 2249 PERTURBATIONE
671 2217 688 2259 ]
720 2213 797 2252 Mss'.
824 2215 943 2252 Vatic.
969 2215 1044 2252 illd.

194 2263 330 2298 PLURA
359 2274 426 2298 sim
455 2275 621 2304 ADSEQm
646 2267 663 2309 ]
693 2263 792 2300 Mal'e
817 2276 953 2301 veteres
979 2265 1179 2305 editiones,
1202 2266 1365 2313 pleraque.

197 2309 253 2346 ET
284 2324 488 2349 POPULARE
516 2324 655 2348 NOMEN
677 2318 695 2360 ]
723 2315 820 2350 Eene
846 2315 922 2351 ΜΠ.
946 2318 980 2351 &
1001 2315 1179 2352 editiones
1209 2326 1355 2351 vetere&
1381 2314 1423 2351 In
1450 2313 1538 2361 Lip—

150 2359 251 2395 sranis
275 2361 421 2411 aliisque
446 2362 538 2398 male
564 2363 687 2399 omissa
709 2364 854 2414 copula.

202 2409 426 2448 CoNcmNEs
452 2419 804 2462 MAGISTRATUUM]
842 2415 939 2454 Bene
965 2415 1100 2466 Lipsius
1134 2428 1154 2452 e
1189 2415 1256 2453 ΜΓ.
1288 2417 1331 2455 In
1358 2415 1540 2456 veteribus

151 2457 399 2508 editionibus,
427 2465 647 2512 migrantium.
