1952 2708
279 162 366 204 AD
406 162 762 204 DIALOGUM
797 162 878 202 DE
913 163 1347 206 ORATORIBUS.
1410 169 1502 217 '241

140 238 207 275 Ms.
234 237 519 274 vindobonensis
546 237 590 273 de
616 236 734 272 multis
749 236 962 284 congiariis,
986 250 1062 273 non
1089 239 1132 274 de
1156 241 1266 276 unico
1282 268 1291 283 ‚
1321 239 1386 276 effe
1408 241 1509 277 acci-.¹

140 288 303 337 piendos.
327 288 492 336 Septimae
517 297 634 322 autem
661 287 763 333 hujus
778 285 998 321 liberalitatis
1024 288 1195 322 memoria
1216 289 1323 325 exstat
1345 290 1382 324 in
1404 302 1510 326 num-

140 351 200 373 mo
222 336 387 373 Mediceo
410 336 505 384 apud
517 336 833 371 Eminentissimum
852 334 961 369 Noris
977 363 986 377 ,
1011 336 1111 381 Epist.
1135 338 1297 382 Consular.
1322 351 1401 387 pag.
1425 351 1510 385 119.

137 387 191 422 M.
207 385 502 421 ANTONINVS
529 386 643 421 AVG.
670 386 748 421 ΤΚ.
772 384 810 420 P.
828 383 955 419 XXIX.
981 383 1097 431 capite
1114 384 1284 421 laureato.
1319 388 1363 421 ln
1391 390 1510 425 aversa

139 446 239 484 parte
265 434 587 470 LIBERALITAS
613 434 728 470 AVG.
746 434 828 470 VH.
862 432 986 469 Postea
1010 433 1091 468 cum
1106 433 1377 471 M.Antoninus
1398 436 1510 473 filium

140 485 240 520 suum
262 485 301 520 L.
317 484 501 520 Aurelium
520 484 765 520 Commodum
784 483 921 530 imperii
944 482 1147 518 consortem
1178 483 1309 519 feciffet
1336 512 1345 527 ,
1376 496 1510 522 novam

139 534 280 570 addidit
309 534 557 570 liberalitatem
581 561 590 576 ‚
627 534 687 570 sed
709 533 774 568 filii
798 532 850 568 sui
873 532 1020 568 nomine
1045 559 1054 574 ,
1086 542 1125 566 ut
1153 533 1225 578 ejus
1253 532 1353 569 favor
1380 535 1511 571 cresce-

139 595 204 619 ret.
227 583 316 619 Inde
342 583 378 618 in
404 596 550 619 nummo
571 582 768 620 Commodi
794 582 898 620 COS.
924 582 973 619 H.
993 581 1074 617 ΤΚ.
1095 582 1132 618 Ρ.
1151 581 1193 618 V.
1218 580 1308 618 LIB.
1333 583 1447 620 AVG.
1471 583 1510 620 id

141 632 190 670 est
205 661 215 677 ,
237 635 410 670 liberalitas
432 633 578 680 Augusti.

193 732 248 769 M.
275 731 563 768 AURELIUS
593 731 928 768 COMMODUS
947 734 1107 777 congiaria
1129 731 1213 767 dedic
1228 731 1343 777 populo
1368 731 1511 766 denarios

140 783 316 830 offingenos
337 786 565 830 quinquagenos
579 809 589 824 ,
617 781 766 818 Gallicae
789 793 942 818 monetce
963 780 1066 817 libras
1087 783 1155 829 651
1174 808 1184 824 ‚
1212 780 1276 818 Ms.
1298 779 1511 818 Vindobon.

141 831 236 867 Octo
257 833 328 879 ejus
352 831 579 867 liberalitates
606 829 641 865 in
665 831 814 867 nummis
838 843 1102 874 memorantur3
1120 843 1267 880 quarum
1289 829 1512 866 multaefuere

140 882 340 916 denariorum
357 893 553 916 centenorum
575 881 844 928 quadragenorum
858 908 866 923 ‚
882 880 1030 916 Gallicae
1047 891 1200 916 monetce
1227 879 1394 914 librarum
1414 882 1483 915 108
1500 906 1512 922 ,

140 929 218 966 Dio
241 957 249 973 ‚
279 929 422 965 LXXII.
459 942 541 979 pag.
575 932 662 974 825.
693 930 782 965 Inde
820 930 975 978 explices
1005 929 1240 978 emendesque
1267 928 1514 977 Lampridium

140 978 179 1014 in
207 979 415 1015 Commodo
438 1007 447 1022 ‚
485 993 562 1028 cap.
596 981 651 1014 16.
686 982 890 1026 Congiarium
930 979 1015 1013 dedit
1046 980 1160 1025 populo
1187 1004 1197 1020 ‚
1237 978 1371 1026 singulis
1417 979 1514 1014 dena-

140 1032 205 1063 rios
245 1033 421 1077 eptingenos
444 1032 565 1064 vicenos
587 1032 719 1075 quinos,
751 1028 900 1064 Gallicae
921 1039 1075 1064 moneta:
1102 1028 1207 1063 libras
1237 1029 1320 1075 564.
1349 1027 1514 1077 Congia-

140 1078 231 1113 rium
249 1078 442 1127 generatim
458 1077 717 1126 univerfimque
736 1078 883 1121 dicitur,
906 1090 973 1113 nec
990 1077 1135 1113 unicum
1153 1077 1199 1113 est
1219 1077 1488 1126 intelligendum
1502 1104 1514 1121 ‚

140 1127 242 1177 quod
267 1141 342 1164 non
366 1127 518 1164 advertit
540 1127 696 1163 eruditus
720 1128 900 1163 Reimarus
924 1126 961 1161 in
984 1126 1090 1162 Notis
1105 1127 1149 1162 ad
1166 1126 1338 1162 Dionem.
1365 1128 1514 1163 Praeter-

143 1189 185 1212 ea
207 1178 288 1212 cum
313 1180 394 1213 06ὶο
420 1176 646 1212 liberalitates
670 1176 805 1212 dederit
829 1176 1052 1212 Commodus
1071 1204 1079 1218 ‚
1100 1188 1288 1224 earumque
1308 1175 1433 1211 multas
1455 1176 1515 1213 de-

143 1226 325 1262 nariorum
351 1239 444 1268 CXL,
471 1239 635 1262 numeros
667 1226 803 1261 codicis
833 1225 898 1260 Ms.
931 1224 1241 1268 Vindobonensis,
1270 1225 1374 1273 quam
1409 1225 1514 1261 Lam—

143 1275 250 1324 pridii
267 1303 276 1319 ,
302 1275 563 1324 probabiliores
595 1274 814 1311 crediderim.
840 1274 985 1309 Illarum
1010 1285 1125 1310 autem
1154 1277 1235 1309 osto
1262 1273 1516 1310 liberalitatum

143 1337 307 1360 nummos
325 1325 407 1361 vide
432 1325 526 1373 apud
542 1323 767 1359 Harduinum
782 1352 791 1367 ‚
818 1323 904 1359 ibid.
936 1336 1117 1372 pag-793.
1145 1323 1287 1371 Septem
1309 1333 1447 1360 tantum
1470 1323 1516 1360 li-

144 1374 345 1411 beralitates
367 1374 574 1412 numerabat
596 1373 652 1410 Cl.
675 1373 855 1417 Vaillant,
881 1373 951 1408 loc.
979 1373 1038 1409 cit.
1065 1385 1147 1422 pag.
1173 1374 1261 1420 246.

197 1476 236 1510 P.
268 1474 523 1511 HELVIUS
550 1472 850 1510 PERTINAX
883 1474 1045 1519 congiaria
1084 1472 1168 1506 dedit
1198 1471 1341 1506 denarios
1375 1484 1514 1507 centenos

143 1527 372 1572 quinquagenos
385 1552 395 1566 ,
414 1524 563 1559 Gallicae
576 1535 729 1559 monetce
750 1522 854 1558 libras
878 1535 891 1558 1
904 1526 949 1558 16
966 1550 974 1564 ‚
999 1521 1066 1556 Ms.
1083 1521 1295 1557 Vindobon.
1313 1520 1427 1556 Aliter
1442 1522 1516 1570 qui-

145 1573 225 1610 dem
246 1573 321 1610 Dio
339 1604 346 1615 ‚
375 1572 550 1616 LXXIII,
577 1586 657 1622 pag.
681 1576 778 1620 832,
812 1574 845 1607 δε
874 1571 1102 1620 Capitolinus
1133 1571 1168 1605 in
1202 1569 1406 1612 Pertinace,
1436 1583 1515 1618 cap.

150 1634 193 1667 15
211 1649 220 1665 ,
249 1626 442 1669 congiarium
464 1623 549 1658 dedit
582 1624 694 1668 pupulo
729 1623 870 1656 denarios
901 1633 1049 1655 centenos.
1075 1619 1160 1656 Non
1187 1619 1236 1654 ita
1261 1630 1378 1654 tamen
1403 1631 1422 1653 a
1447 1620 1513 1655 ΜΓ.

150 1671 416 1709 Vindobonenfi
449 1672 672 1715 dissentiunt,
702 1671 725 1706 sl
749 1670 938 1707 attenderis
972 1669 1220 1718 Capitolinum
1242 1667 1338 1717 prins
1363 1668 1482 1704 dixill'e
1503 1697 1514 1711 ‚

144 1735 222 1770 cap.
236 1735 271 1766 7.
292 1723 444 1757 donativa
462 1723 498 1757 θ’
513 1724 673 1770 congiaria
687 1748 696 1762 ,
719 1734 785 1769 quae
804 1720 988 1754 Commodus
1009 1721 1214 1766 promiserat,
1237 1720 1350 1764 Jblvir.
1375 1717 1514 1765 Nempe

146 1771 308 1807 Pertinax
347 1771 569 1820 congiarium
603 1770 700 1806 dedit
736 1769 900 1805 denarios
933 1780 1114 1804 centenos.
1149 1767 1266 1802 Exstat
1287 1767 1364 1802 hsce
1389 1766 1514 1802 libera-

148 1820 226 1855 litas
248 1821 284 1855 in
307 1833 453 1856 nummo
478 1820 669 1856 Pertinacis
693 1819 782 1854 LIss.
807 1818 926 1854 AVG.
949 1818 1027 1854 ΤΒ.
1054 1818 1089 1853 Ρ.
1117 1817 1223 1852 COS.
1248 1817 1297 1851 ΙΙ.
1325 1815 1515 1864 Quinqua-

147 1869 230 1917 geni
241 1879 356 1906 autem
373 1870 481 1906 ceteri
494 1870 627 1906 denarii
639 1869 677 1904 in
694 1867 874 1904 solvendis
892 1868 1158 1917 congiariorum
1174 1878 1194 1901 a
1207 1864 1415 1902 Commodo
1432 1877 1517 1914 pro-¹

146 1919 325 1954 mifforum
341 1919 496 1968 reliquiis
519 1918 667 1968 expensi.

203 1989 405 2027 SALVIUS
433 1990 674 2028 JULIANUS
700 1989 873 2026 brevitate
895 1989 1034 2037 imperii
1062 1987 1283 2035 congiarium
1298 2000 1374 2023 non
1391 1987 1489 2023 dedit
1503 2002 1514 2024 :

147 2051 192 2074 ne
217 2039 420 2122 p}omiff=.1m
442 2040 585 2089 quidem
605 2040 776 2076 militibus
811 2038 1021 2075 donativum
1049 2037 1336 2087 repraesentavit3
1359 2037 1515 2086 ideoque

146 2087 239 2123 inter
256 2090 359 2124 ectus.

196 2158 219 2191 S
229 2156 257 2191 E
268 2158 292 2192 P
301 2155 360 2192 TI
371 2158 408 2192 M
418 2157 435 2192 I
444 2157 479 2192 U
488 2156 510 2192 S
537 2158 559 2192 S
570 2156 598 2192 E
609 2157 676 2194 VE
685 2157 756 2193 RU
769 2160 791 2194 S
812 2162 974 2209 congiaria
989 2161 1074 2196 dedit
1092 2161 1233 2196 denarios
1250 2161 1391 2196 millenos
1409 2170 1515 2194 cente-

183 2240 233 2264 CO
242 2241 265 2263 M
274 2241 327 2263 ΜΟ
336 2241 407 2264 DUS
424 2240 480 2272 imp.
500 2249 556 2264 ann.
579 2250 634 2265 xvi.
660 2250 691 2264 m.
712 2250 769 2265 vm.
788 2241 811 2265 d.
886 2242 997 2267 JULIA
1006 2245 1027 2267 N
1036 2245 1078 2267 Us
1095 2245 1151 2275 imp.
1171 2244 1217 2267 dics
1229 2251 1291 2268 va.
1312 2243 1407 2266 Occisus
1418 2241 1518 2273 palatio.

151 2283 196 2298 xu-
209 2275 288 2305 Cong.
300 2273 362 2296 dedit
377 2283 391 2297 x
403 2283 490 2298 occet.
509 2276 562 2298 Hoc
576 2276 631 2305 imp.
644 2282 723 2298 [ει-ηιξ
739 2276 814 2299 Com·
888 2277 956 2299 DIV
965 2278 983 2299 U
994 2279 1007 2303 S
1036 2280 1050 2300 S
1059 2280 1101 2300 Ev
1112 2280 1128 2300 Ε
1139 2279 1206 2300 RUS
1223 2279 1279 2308 imp.
1291 2285 1347 2300 ann.
1359 2285 1424 2299 xvxi·
1435 2284 1467 2298 m-
1481 2284 1519 2298 ›41-

150 2307 266 2330 modiana:
278 2307 388 2331 dedicatae
398 2309 458 2331 sunt.
471 2309 567 2332 Exccffit
579 2309 653 2332 domo
666 2308 797 2332 Vittiliani.
854 2309 877 2332 d.
891 2319 987 2333 χχνιιι.
1005 2311 1086 2342 Cong.
1104 2311 1166 2334 dedit
1190 2321 1204 2335 x
1217 2320 1261 2334 mc..
1273 2311 1326 2333 Hoc
1345 2311 1400 2340 imp.
1413 2310 1515 2339 septiso-

185 2341 380 2363 PERTINAX
410 2343 467 2373 imp.
484 2342 531 2366 dms
552 2350 632 2369 Lxxv.
655 2343 735 2375 Cong.
750 2342 813 2366 dedit
854 2344 919 2366 nium
938 2346 961 2366 ἃ
981 2352 1057 2368 tetmae
1074 2347 1203 2371 Severianae
1221 2345 1331 2368 dedicatae
1349 2341 1519 2366 sunam-reim

148 2382 167 2399 x
179 2381 216 2396 cr..
233 2375 330 2403 Excessit
340 2375 439 2405 palatio.
854 2377 986 2402 Britanni-c.

266 2418 386 2468 Tom.
411 2420 504 2471 IV.
797 2494 800 2497 ,
1226 2425 1309 2466 Hh
