1952 2708
205 243 236 267 A.
250 244 278 266 U.
291 244 319 268 C.

229 299 299 327 794-

231 345 252 368 J.
265 346 296 368 c,

237 395 288 422 41·

341 111 431 157 3&
655 103 1439 149 SUPPLEMENTUM

338 200 396 227 tas
425 187 466 225 in
484 183 741 226 Mauretania
767 183 900 226 turbas
918 214 931 235 ‚
972 200 1055 240 quae
1082 184 1160 238 jam
1193 201 1283 228 ante
1313 187 1402 228 Caii
1430 187 1578 230 caedem
1606 189 1731 230 defie-

338 262 426 290 rant
454 254 493 296 ¹3
525 253 566 290 &
592 262 636 290 ut
672 247 930 305 triumphalia
961 263 1195 291 ornamenta
1235 249 1287 291 ob
1323 251 1366 291 id
1402 253 1605 308 acciperet
1635 267 1728 309 per-

340 312 508 353 suasere.

402 375 579 416 XXIV.
613 375 686 415 AT
717 375 889 417 foediora
926 374 1192 416 meditabatur
1230 374 1453 418 Messalina.
1491 378 1641 422 Juliam
1669 383 1726 430 ²3

336 437 466 480 forma
482 469 494 489 ‚
524 437 762 489 nobilitate,
793 455 886 480 cum
915 438 1088 479 Claudio
1117 438 1401 480 necessitudine
1427 440 1725 496 praecellentem

337 503 484 553 exosa,
509 502 688 544 ferocem
712 501 796 554 ejus
822 504 998 544 animum
1015 532 1028 552 ‚
1060 505 1102 542 ὃς
1128 501 1178 541 ad
1205 502 1434 557 imperantis
1461 503 1629 544 fortunoe
1658 505 1726 545 ob-

335 565 470 620 sequia
496 566 601 607 flecti
629 566 807 607 nescium
822 595 835 616 ‚
858 566 1130 621 impatientius
1148 564 1314 605 ferebat.
1337 566 1512 607 Primum
1538 566 1727 608 muliebri

334 628 589 670 aemulatione
615 643 844 679 certavere,
870 643 996 678 mox,
1027 641 1147 684 prout
1176 626 1366 679 solitum,
1397 630 1496 670 vicit
1528 632 1723 686 potentia.

334 691 520 747 Juliaque
542 694 658 734 variis
680 691 912 733 criminibus
932 705 1050 745 atque
1071 692 1191 731 etiam
1212 691 1415 733 adulteriis
1436 693 1627 734 infamata
1646 710 1725 735 ma-

334 756 421 809 gis,
448 755 566 810 quam
591 756 800 805 convicia,
830 754 959 795 rursus
986 756 1027 794 in
1052 753 1229 802 exsilium
1258 753 1433 811 projtha
1458 757 1524 797 est.
1549 757 1722 798 Annaeus

332 819 514 868 Seneca,
542 817 831 859 adulteriorum
857 818 1040 859 societati
1067 819 1236 859 innexus
1261 848 1273 868 ,
1313 820 1356 858 in
1392 818 1562 861 insulam
1591 820 1724 861 Corfi-

334 896 422 922 cam
450 881 650 936 relegatur
679 887 689 910 ³
720 900 727 922 ε
758 881 954 938 sapientiae
981 879 1113 932 fama,
1148 880 1261 925 Juliae
1300 881 1481 938 superbia
1506 881 1626 924 facile
1656 898 1726 924 ex-

334 944 530 986 cusandus
545 975 557 995 ,
583 945 652 984 niss
673 945 755 1000 ipse
778 943 1110 999 ingeniosioribus
1139 945 1295 1001 scriptis
1320 950 1363 995 4,
1389 944 1619 987 adulatoriis
1640 961 1724 1002 pre-

333 1007 445 1048 cibus
469 1013 505 1057 5,
533 1006 788 1049 amarulentis
813 1008 982 1048 di&eriis
1009 1006 1053 1058 ⁶,
1080 1007 1204 1048 ferme
1230 1008 1349 1048 fidem
1376 1009 1724 1051 criminationibus

334 1069 501 1111 fecisset.

396 1133 545 1175 XXV.
580 1133 737 1174 INTER
767 1135 851 1174 hacc
879 1133 1053 1183 dissidia,
1084 1132 1276 1174 Claudius
1304 1133 1403 1174 filias
1446 1135 1560 1186 suas,
1594 1135 1725 1177 Anto-

332 1196 440 1236 nIam
466 1202 480 1223 ⁷
515 1196 591 1236 Cn.
626 1198 821 1253 Pompeio
848 1198 1006 1251 Nlagno
1037 1194 1050 1217 ὃ
1079 1197 1268 1246 tradidit,
1297 1198 1507 1238 OEtaviam
1535 1204 1551 1227 9
1580 1199 1629 1239 L.
1653 1199 1725 1242 Ju-

332 1260 401 1300 nio
421 1258 560 1300 Silano
579 1259 856 1316 ¹0desp0ndit,
877 1257 1063 1314 exigua¹¹
1088 1259 1259 1301 maritali
1276 1257 1541 1317 pomepost
1554 1263 1725 1303 tristiore

782 1369 859 1399 ibid.
890 1370 1005 1399 Plinius
1044 1378 1115 1398 curn
1135 1368 1316 1399 consensisse
1332 1370 1481 1400 Senecam
1505 1381 1600 1401 nemo
1628 1371 1723 1402 mira-

1044 1408 1144 1441 bitur,
1167 1408 1221 1446 qui
1242 1409 1434 1446 reputaverit
1456 1420 1548 1439 unam
1573 1410 1722 1440 virtutem

1044 1446 1099 1476 fibi
1118 1446 1236 1484 semper
1249 1447 1441 1477 constantem
1453 1472 1462 1485 ‚
1474 1449 1655 1488 plerumque
1666 1449 1723 1479 dis-

1045 1496 1114 1515 cors
1129 1486 1186 1515 effe
1202 1486 1375 1525 ingenium.

1083 1531 1095 1550 7
1119 1526 1291 1555 ΑΝτοΝιΑΜ
1311 1527 1326 1562 ]
1360 1514 1440 1557 vide
1465 1528 1602 1558 Stemma
1625 1528 1721 1560 Caesa-

1043 1574 1112 1594 rum
1124 1587 1133 1599 ‚
1160 1574 1245 1594 num.
1263 1574 1330 1604 105.

1083 1603 1094 1622 3
1121 1604 1179 1633 Cu.
1205 1605 1350 1634 pomero
1382 1605 1533 1642 Macno]
1568 1606 1720 1644 Pompeio

1043 1642 1158 1680 Magno
1173 1653 1354 1682 cognomen
1366 1665 1375 1677 ,
1387 1644 1442 1673 fibi
1462 1644 1597 1674 invisum
1614 1669 1624 1682 ‚
1642 1646 1719 1675 ade-

1044 1690 1140 1711 metat
1151 1682 1242 1712 Caius
1255 1682 1397 1722 Caligula
1415 1694 1424 1721 ;
1447 1683 1578 1714 restituit
1593 1684 1720 1723 quidem

1044 1720 1192 1751 Claudius
1207 1745 1215 1756 ,
1231 1731 1441 1762 generumque
1467 1722 1543 1753 fecit
1558 1734 1565 1753 z
1582 1723 1634 1753 sed
1650 1724 1721 1762 pos-

1043 1768 1092 1789 tea
1117 1760 1245 1791 occidit.
1262 1762 1351 1791 Unde
1363 1763 1479 1792 Seneca
1495 1762 1528 1791 in
1542 1764 1565 1791 A
1591 1763 1720 1794 ocoloc.

1044 1808 1110 1842 pag.
1132 1810 1204 1838 707.
1230 1800 1318 1829 Caius
1341 1799 1434 1839 Coefizr
1452 1800 1556 1840 Craffi⁴
1581 1801 1645 1830 lium
1668 1813 1720 1831 ve·-

372 1373 381 1387 ¹
407 1369 617 1406 DrsffiRAuT]
648 1369 711 1400 Dio
731 1393 740 1405 ‚

330 1417 470 1447 quoque.
499 1409 558 1438 Sed
577 1409 650 1438 vide
670 1419 737 1447 quae
751 1409 813 1446 jam
837 1409 1006 1439 adnotavi-

330 1457 397 1476 mus
416 1448 502 1486 supra
515 1447 547 1477 in
562 1449 786 1487 Supplernento
799 1448 911 1477 Annal.
923 1450 1006 1484 VIH,

372 1529 381 1540 ²
404 1527 523 1555 JULIAM
544 1530 553 1557 Ἱ
587 1526 766 1557 Germanici
797 1526 904 1557 filiam.
926 1528 1006 1558 Vide

328 1565 464 1594 Stemma
487 1565 659 1601 Caesarum‚
677 1576 762 1596 num.
788 1576 839 1604 97.

369 1609 377 1629 3
405 1605 597 1634 RELEGATUR
624 1606 637 1641 ]
667 1605 729 1635 Dio
754 1629 762 1641 ‚
786 1605 863 1635 ibid.
897 1605 1005 1636 Exfilii

328 1641 373 1671 sui
396 1643 540 1673 laudator
566 1643 725 1674 inducitur
749 1647 865 1674 Seneca
892 1645 925 1674 in
941 1647 1007 1676 Oc-

328 1682 421 1712 tavia.
440 1683 505 1712 Aa.
529 1694 557 1712 2.
574 1685 622 1713 Sc.
644 1694 669 1712 1.
687 1683 762 1713 vers.
778 1686 846 1720 381.

394 1749 482 1772 Melias
493 1750 593 1774 latebam
603 1751 685 1782 procul
704 1750 731 1774 ab
745 1749 837 1773 invidiae
850 1749 918 1774 malis
930 1768 937 1778 ,

395 1783 504 1806 Remu-us
517 1784 577 1807 inter
590 1782 680 1814 Corfici
694 1792 760 1815 rupes
771 1784 842 1807 maris
853 1795 861 1807 :

394 1815 440 1839 wi
453 1817 513 1840 liber
524 1817 612 1842 animus
623 1834 631 1845 ‚
650 1817 719 1848 &fiii
733 1818 795 1848 juris
806 1835 812 1844 ‚
835 1817 891 1841 mihi

394 1850 491 1882 Semper
501 1851 615 1879 vacabat,
624 1850 700 1882 studia
711 1851 824 1875 recolenti
835 1858 893 1874 mea.
934 1884 935 1888 Ἰ

366 1916 381 1934 4
402 1913 565 1951 Scmms]
583 1913 663 1945 Vide
674 1913 827 1952 imprimis
840 1913 954 1943 librum
967 1914 1004 1943 de

327 1951 556 1983 Consolatione
569 1954 608 1983 ad
616 1953 763 1984 Helviam
774 1962 906 1984 matrem
921 1953 1004 1982 suam

327 1999 344 2019 a
362 1991 478 2021 Seneca
496 1991 653 2031 scriptum.

367 2034 373 2055 5
399 2032 618 2062 ADULATORIIS
646 2035 814 2065 Paternus]
837 2033 920 2068 Quas
937 2031 1004 2070 lege

328 2067 360 2096 in
377 2069 594 2102 consolatione
607 2072 645 2101 ad
657 2071 843 2110 Polybium,
860 2081 894 2100 ac
909 2071 1004 2100 maxi-

327 2117 377 2137 me
402 2109 501 2146 capite
523 2121 577 2147 32,
597 2111 697 2149 rigida
720 2120 755 2140 ac
775 2109 861 2139 virili
875 2111 1003 2140 Stoico-

328 2156 396 2176 rum
417 2147 564 2185 sapientia
586 2150 716 2179 minime
739 2150 857 2188 dignas.

369 2187 381 2204 ⁶
404 2186 596 2224 chTERHs]
614 2189 735 2226 Quibus
755 2189 895 2218 aculeata
910 2187 1004 2226 riges-

329 2223 373 2254 cit
383 2224 541 2256 inseetatio
554 2250 562 2261 ,
577 2238 668 2266 quam
686 2227 750 2266 post
762 2236 898 2258 mortem
913 2228 1004 2257 Clau-

330 2263 391 2298 dii,
411 2275 502 2303 quem
521 2265 629 2295 vivum
652 2262 849 2299 laudaverat,
869 2266 1002 2305 scripfit;

1043 1848 1094 1866 tuit
1113 1838 1251 1878 Magnum
1270 1840 1362 1868 vocari
1379 1852 1388 1868 .·
1405 1840 1447 1868 hic
1460 1841 1608 1871 Claudius
1624 1851 1720 1870 nomen

1042 1877 1084 1906 illi
1101 1877 1221 1907 reddidit
1235 1902 1245 1915 ,
1272 1888 1353 1915 caput
1368 1878 1440 1908 tulit.

1083 1921 1095 1939 ⁹
1118 1920 1321 1955 Ocuvmm]
1349 1918 1430 1950 Vide
1455 1920 1590 1951 Stemma
1617 1919 1722 1950 Caesa-

1043 1965 1129 1992 rum,
1156 1968 1241 1987 num.
1267 1961 1313 1994 36.

1082 1995 1110 2013 ¹⁰
1139 1998 1176 2026 L.
1196 1996 1291 2027 JUN10
1315 1998 1429 2027 Sumo
1454 1998 1469 2033 ]
1502 1997 1587 2028 Filio
1624 1997 1719 2037 Appii

1040 2033 1138 2064 Silani
1163 2059 1172 2073 ,
1204 2036 1242 2066 de
1266 2046 1330 2075 quo
1374 2035 1493 2067 dicetur
1536 2036 1617 2067 infra
1652 2047 1718 2076 cap.

1044 2094 1106 2132 >³¹¹
1139 2115 1263 2144 Exloua
1284 2119 1292 2148 ]
1315 2116 1415 2144 Immo
1447 2113 1491 2144 ita
1517 2114 1628 2153 exigua
1645 2138 1654 2151 ,
1683 2122 1718 2145 ut

1041 2151 1133 2182 etiam
1144 2153 1189 2183 his
1201 2154 1268 2192 ipfis
1283 2153 1392 2183 diebus
1414 2153 1551 2183 senatum
1562 2153 1716 2184 habuerit.

1042 2192 1139 2227 Quod
1155 2193 1278 2223 testatur
1287 2192 1349 2222 Dio
1359 2216 1367 2228 ‚
1381 2193 1448 2221 LX.
1459 2195 1596 2230 pag.668
1609 2215 1617 2227 ‚
1634 2193 1667 2223 &
1677 2203 1716 2222 ex

1041 2240 1078 2260 eo
1094 2232 1240 2261 Zonaras.
1253 2231 1439 2269 Suffragatur
1459 2241 1586 2270 quoque
1600 2233 1717 2261 Sueto-

1041 2269 1108 2298 nius
1121 2269 1155 2299 in
1167 2270 1277 2300 Claud.
1302 2272 1371 2300 XII.
1389 2269 1529 2313 Sponfizlia
1546 2269 1618 2308 filiae
1634 2280 1717 2299 nara-

328 2303 441 2338 cuique
468 2304 592 2334 titulum
620 2305 715 2343 fecit,
734 2306 860 2335 Claudii
878 2305 1002 2335 Caesaris
1040 2307 1140 2346 lemque
1165 2309 1257 2347 geniti
1284 2309 1389 2345 nepotis
1401 2307 1534 2347 filetum,
1561 2319 1594 2338 ac
1610 2311 1718 2339 rantum

327 2349 695 2374 AHOKOAOKYNTQEIE.
727 2346 807 2375 Tam
825 2354 933 2383 parum
954 2344 1002 2375 se-
1040 2346 1180 2386 domestica*
1200 2348 1331 2388 religione
1350 2347 1491 2387 transegit.

1756 771 1806 798 10

1756 1079 1802 1119 ¹5
