1952 2708
388 147 482 195 436
830 138 1342 183 APPENDIX

445 218 493 252 D.
506 216 752 264 Silanus,ejus
770 216 926 258 adulter,
946 217 1105 254 amicitia
1120 217 1271 268 Augusti
1289 217 1525 266 prohibetur3
1542 219 1771 270 exsiliumque

391 267 455 302 sibi
471 266 703 302 demonstrari
721 266 943 316 intelligens,
962 267 1065 316 fugit.
1091 268 1224 303 Annal.
1248 269 1324 312 111,
1348 281 1407 317 24.

442 316 639 366 Augustus,
668 327 873 353 commotus
895 317 999 351 Caffii
1022 316 1143 352 Severi
1160 317 1312 353 libidine
1325 343 1334 358 ‚
1358 318 1428 366 qua
1443 317 1540 355 viros
1553 319 1772 369 feminasque

390 365 540 402 illustres
556 367 771 415 procacibus
786 365 925 413 scriptis
939 365 1184 402 diffamaverat
1196 394 1206 409 ,
1232 366 1364 413 primus
1380 368 1632 413 cognitionem
1656 369 1699 405 de
1717 369 1773 404 fa-

391 415 495 452 mosis
510 416 641 452 libellis
655 443 665 458 ,
689 414 807 463 specie
821 415 910 464 legis
929 415 1115 463 majestatis
1133 446 1140 458 ,
1164 417 1299 451 trattat.
1323 416 1456 451 Annal.
1480 417 1499 451 I
1516 445 1524 459 ‚
1548 429 1610 463 72.

444 465 558 513 Apud
582 475 717 501 veteres
740 464 808 500 fuit
828 477 973 514 quoque
994 465 1051 501 lex
1066 464 1270 512 majestati33
1292 464 1352 501 sed
1374 465 1444 501 alia
1461 465 1499 500 in
1512 466 1686 513 judicium
1707 481 1773 505 ve-

389 515 551 551 niebant.
581 514 617 550 Si
653 514 730 564 quis
753 515 965 563 proditione
989 514 1183 550 exercitum
1207 545 1216 557 ‚
1245 525 1306 550 aut
1339 514 1483 563 plebem
1509 515 1744 552 seditionibus
1761 546 1772 562 ,

393 564 549 614 denique
573 564 666 600 male
689 564 784 614 gesta
807 564 993 612 republica
1015 563 1228 611 majestatem
1245 565 1374 613 populi
1393 565 1551 602 Romani
1572 565 1748 603 minuiffet
1760 592 1776 612 ,

388 614 480 651 faeta
492 614 730 664 arguebantur
744 643 754 659 ‚
771 614 862 650 dicta
876 613 1024 663 impune
1039 624 1150 651 erant.
1175 615 1308 651 Annal.
1327 615 1345 650 I
1357 643 1366 659 ‚
1391 627 1454 663 72.

734 687 871 723 ANNUS
888 687 937 722 U.
952 685 996 722 C.
1017 698 1184 725 DCCLXII.
1215 689 1246 723 J.
1268 690 1304 723 C.
1323 699 1360 732 9.

440 762 619 811 Augustus
639 761 757 816 legem
781 759 929 810 Papiam
948 761 1145 809 Poppaeam
1169 759 1363 798 incitandis
1390 760 1554 798 caelibum
1588 762 1707 812 poenis
1738 765 1773 799 δε

388 812 557 861 augendo
571 823 697 847 aerario
716 810 840 846 sancit.
860 810 995 846 Annal.
1022 812 1079 846 III
1093 837 1102 853 ‚
1134 822 1194 857 25.

442 862 581 897 Bellum
599 860 843 897 Dalmaticum
870 873 891 896 a
916 860 1066 897 Tiberio
1096 861 1309 898 confeaum.
1338 862 1568 911 Ornospades
1593 862 1691 899 haud
1714 863 1772 899 in-

388 911 524 962 glorius
548 911 761 955 auxiliator,
783 911 900 960 e'oque
920 911 1067 947 civitate
1082 912 1248 947 Romana
1260 911 1426 948 donatus.
1448 912 1582 947 Annal.
1597 912 1666 955 VI,
1685 925 1744 961 37.

438 961 592 997 Variana
618 960 746 997 clades.
775 961 862 996 Tres
882 973 963 996 cum
978 961 1074 997 Varo
1089 961 1251 1010 legiones
1266 962 1417 1009 periere.
1436 962 1562 1000 Victor
1574 962 1772 999 Arminius.

386 1011 521 1048 Annal.
537 1012 578 1056 Ι,
601 1023 668 1054 10,
685 1023 734 1059 59
753 1013 786 1047 ὃς
805 1013 865 1048 62.
889 1010 932 1047 de
949 1011 1044 1046 Mor.
1065 1010 1235 1047 German.
1255 1024 1334 1060 cap.
1354 1025 1412 1060 37.

750 1084 886 1120 ANNUS
902 1085 950 1119 U.
966 1083 1004 1118 C.
1027 1095 1193 1119 Dchxv.
1227 1089 1260 1121 J.
1282 1086 1318 1120 C.
1340 1097 1398 1120 12.

435 1156 578 1193 Tiberii
597 1157 639 1193 de
657 1156 854 1193 Pannoniis
869 1169 911 1192 ac
922 1155 1099 1192 Dalmatis
1113 1156 1325 1204 triumphus.
1350 1157 1484 1192 Annal.
1505 1157 1523 1192 Ι
1536 1186 1544 1198 ,
1568 1166 1594 1202 4
1609 1160 1642 1193 ὃς
1656 1169 1713 1206 34.

438 1206 547 1242 Caius
562 1235 570 1250 ,
597 1207 849 1243 Germanici&
864 1206 1078 1255 Agrippinae
1097 1206 1208 1246 filius,
1227 1206 1265 1241 in
1284 1206 1400 1242 castris
1414 1206 1569 1242 nascitur
1584 1220 1592 1242 :
1607 1220 1687 1243 eum
1704 1235 1714 1250 ,
1731 1205 1771 1243 in

385 1257 628 1293 contubernio
654 1257 840 1306 legionum
855 1256 1018 1292 edusmm
1039 1283 1047 1297 ,
1075 1256 1220 1292 militari
1236 1256 1422 1293 vocabulo
1442 1258 1627 1305 Caligulam
1643 1256 1771 1305 appel-

383 1307 460 1343 lant
474 1336 482 1351 ,
508 1308 590 1356 quia
607 1307 818 1357 plerumque
842 1307 887 1342 ad
904 1305 1137 1344 concilianda
1151 1306 1252 1356 vulgi
1268 1306 1380 1344 studia
1395 1320 1440 1344 eo
1459 1307 1617 1356 tegmine
1636 1306 1769 1356 pedum

383 1357 610 1394 induebatur.
635 1358 770 1393 Annal.
784 1358 803 1392 I
818 1383 828 1399 ‚
860 1368 924 1403 41.

730 1437 868 1473 ANNUS
884 1435 932 1473 U.
947 1435 990 1472 C.
1008 1445 1187 1471 Dchxw.
1228 1436 1259 1471 J.
1281 1437 1317 1472 C.
1342 1445 1399 1484 13.

435 1516 614 1566 Augustus
635 1543 644 1559 ‚
670 1516 752 1552 cum
767 1516 917 1553 Tiberio
944 1516 1173 1553 tribuniciam
1191 1514 1403 1564 potestatem
1423 1525 1442 1549 a
1458 1513 1617 1562 patribus
1634 1512 1769 1547 rursum

380 1567 574 1616 postularet
587 1594 596 1609 ‚
613 1579 826 1616 quamquam
836 1567 981 1603 honora
997 1566 1165 1603 oratione
1178 1596 1186 1607 ‚
1203 1564 1366 1615 quaedam
1386 1563 1430 1600 de
1449 1563 1573 1599 habitu
1592 1562 1769 1611 vultuque

382 1621 416 1652 δε
431 1616 596 1651 institutis
617 1618 689 1663 ejus
704 1618 835 1659 iecerat
849 1646 858 1661 ,
875 1630 954 1667 quae
972 1617 1072 1654 velut
1089 1615 1295 1652 excusando
1313 1613 1539 1662 exprobaret.
1562 1611 1653 1647 Inde
1675 1611 1768 1647 fama

378 1679 424 1702 ne
435 1665 620 1701 Tiberium
635 1665 779 1715 quidem
796 1667 942 1703 caritate
953 1695 962 1710 ‚
974 1676 1034 1702 aut
1049 1666 1259 1713 reipublicae
1275 1664 1359 1700 cura
1373 1663 1546 1699 adscitum
1567 1676 1575 1698 :
1599 1661 1660 1697 sed
1674 1673 1768 1710 quo-

379 1717 475 1751 niam
489 1716 730 1764 arrogantiam
744 1716 987 1765 saevitiamque
1003 1717 1075 1761 ejus
1094 1714 1349 1764 introspexerit
1370 1740 1379 1757 ,
1410 1711 1684 1762 comparatione
1706 1710 1765 1748 de-

377 1765 521 1804 terrima
537 1765 601 1802 fibi
618 1765 772 1816 gloriam
787 1765 989 1816 qucefiviffe.
1016 1764 1150 1801 Annal.
1169 1765 1186 1800 I
1201 1795 1210 1807 ,
1233 1777 1294 1801 10.

740 1842 876 1878 ANNUS
889 1841 938 1877 U.
953 1841 996 1878 C.
1013 1850 1208 1877 Dchxvn.
1246 1845 1279 1879 J.
1297 1841 1332 1875 C.
1349 1852 1407 1888 14.

430 1911 651 1948 Gravescere
674 1911 789 1959 coepit
814 1911 988 1947 valetudo
1003 1911 1155 1959 Augusti
1171 1925 1180 1947 :
1195 1914 1228 1947 &
1252 1911 1397 1960 quidam
1422 1910 1533 1947 scelus
1555 1911 1678 1946 uxoris
1694 1908 1764 1945 sus:

377 1961 576 2009 pefiabant.
599 1960 766 1997 Tiberius
788 1960 951 2009 properis
979 1961 1100 1997 matris
1126 1960 1238 1997 literis
1260 1961 1395 1996 accitur
1411 1973 1551 2010 :neque
1565 1960 1645 1996 satis
1661 1972 1765 1996 com-

376 2021 516 2058 pertum
529 2039 539 2054 ‚
566 2010 758 2059 spirantem
779 2010 897 2047 adhuc
911 2011 1111 2060 Augustum
1129 2010 1224 2059 apud
1239 2010 1364 2047 urbem
1375 2009 1511 2046 Nolam
1533 2038 1542 2054 ‚
1574 2023 1619 2045 an
1639 2009 1763 2046 exani-

375 2073 468 2096 mem
487 2061 666 2109 repererit.
683 2060 864 2098 Excessrffe
886 2060 1085 2110 Augustum
1111 2064 1145 2098 δε
1172 2073 1289 2097 rerum
1314 2059 1427 2110 potiri
1452 2060 1642 2098 Tiberium
1668 2060 1762 2096 fama

375 2110 502 2147 eadem
523 2111 601 2147 fert.
621 2110 804 2155 AnnaLI,
819 2122 857 2158 5.

427 2180 663 2214 HACTENUS
700 2190 838 2215 veterem
863 2182 1046 2215 memoriam
1071 2180 1250 2228 relegimus.
1286 2178 1349 2214 Res
1377 2189 1482 2213 autem
1511 2177 1626 2213 Tiberii
1650 2203 1659 2219 ,
1692 2177 1762 2211 Caii

377 2228 553 2275 Caligula,
575 2229 704 2264 Claudii
720 2257 728 2271 ,
754 2231 910 2272 Neronis,
926 2229 1061 2273 Galbae,
1091 2230 1228 2264 Othonis
1243 2259 1251 2270 ,
1267 2229 1415 2271 Vitellii,
1432 2228 1556 2275 ipsaque
1579 2225 1761 2273 Vespasiani

379 2280 476 2312 initia
489 2303 497 2318 ,
522 2277 559 2311 ab
583 2291 664 2312 anno
690 2279 728 2313 U.
741 2281 775 2314 C.
793 2293 980 2316 DCCLXJ’JJ
996 2310 1005 2322 ‚
1018 2280 1060 2315 ad
1074 2292 1192 2314 annum
1204 2279 1243 2313 U.
1259 2280 1295 2313 C.
1316 2291 1534 2318 ccchAvr,
1558 2275 1736 2310 Annalium
1749 2306 1758 2317 ‚

376 2327 612 2374 Historiarum,
634 2328 926 2373 Supplementorum
946 2355 956 2371 ‚
979 2329 1225 2376 Appendicistlue
1245 2329 1356 2370 libris,
1373 2340 1447 2375 quos
1461 2325 1564 2371 ficprcl
1582 2325 1756 2366 edidimus,

368 2379 453 2422 fatis
469 2379 640 2416 innotuere.
662 2377 762 2415 Juvat
780 2392 852 2426 ergo
865 2380 908 2415 ad
925 2381 1077 2417 ulteriora
1088 2378 1260 2426 progredi,
1276 2389 1440 2425 eorumque
1447 2376 1561 2423 seriem
1566 2376 1757 2423 summatim.

376 2439 539 2474 exponere.
