1952 2708
571 174 1150 220 AGRICOLA.
1478 195 1559 231 ¹09

179 271 305 302 morte
329 255 555 313 Agricolae,
588 270 657 296 aut
680 255 831 296 laetatus
855 257 909 296 est
921 285 934 306 ,
963 270 1030 296 aut
1054 258 1181 297 statim
1207 259 1355 302 oblitus
1381 262 1447 303 est.
1473 262 1562 303 Au-

177 322 296 378 gebat
316 321 612 361 miserationem
629 320 811 361 constans
833 333 990 368 rumor,
1014 335 1036 356 «
1054 333 1215 360 veneno
1235 323 1503 380 interceptum
1519 343 1540 363 2>
1553 357 1563 368 .

175 385 309 427 Nobis
334 383 436 424 nihil
456 384 654 439 comperti
676 383 881 423 adfirmare
904 381 1023 423 ausim
1051 388 1061 404 ¹
1082 399 1090 422 :
1114 385 1289 423 ceterum
1314 400 1383 440 per
1402 402 1564 430 omnem

178 447 452 489 valetudinem
478 445 589 498 ejus,
621 445 820 496 crebrius,
855 444 972 500 quam
1001 459 1051 486 ex
1084 461 1195 487 more
1226 448 1470 504 principatus
1495 467 1565 506 pet

126 520 150 560 ς
180 512 342 552 nuntios
366 510 529 551 visentis
546 539 559 560 ,
587 514 628 550 ὅς
650 508 885 550 libertorum
911 510 1056 564 primi,
1088 512 1128 549 ὅ(
1151 510 1402 552 medicorum
1430 514 1565 555 intimi

179 575 347 616 venere:
378 573 455 614 slve
477 588 571 615 cura
591 571 717 623 illud,
744 573 822 614 sive
844 572 1046 626 inquisitio
1070 585 1165 614 erat.
1185 574 1384 629 Supremo
1404 576 1566 628 quidem

177 637 277 688 die,
310 649 516 678 momenta
551 637 774 678 deficientis
812 651 882 692 per
921 635 1130 692 dispositos
1171 637 1348 678 cursores
1385 641 1566 682 nuntiata

183 700 411 750 constabat,
436 698 550 740 nullo
577 700 792 750 credente,
822 700 874 740 sle
895 698 1136 750 accelerari,
1157 715 1240 754 quae
1261 701 1378 742 tristis
1399 702 1566 744 audiret.

179 765 366 819 Speciem
390 777 523 804 tamen
548 762 698 804 doloris
725 763 860 804 animo
887 761 1081 817 vultuque
1101 778 1176 819 prae
1198 764 1238 805 se
1259 763 1377 815 tulit,
1406 765 1568 806 securus

101 835 152 863 10
180 825 260 880 jam
281 827 388 878 odii,
411 831 452 868 &
474 828 542 881 qui
562 826 718 868 facilius
740 825 994 868 dissimularet
1019 827 1235 882 gaudium,
1261 826 1379 882 quam
1399 842 1566 870 metum.

181 892 284 932 Satis
308 890 536 940 constabat,
562 889 665 931 lecto
693 892 928 931 testamento
956 889 1187 944 Agricolae,
1217 906 1296 944 quo
1325 891 1568 933 coheredem

182 956 341 1010 optimae
366 955 482 995 uxori
510 957 548 994 &
572 954 742 1010 piiffimae
766 953 854 993 filiae
878 954 1161 994 Domitianum
1184 953 1336 1010 scripsit
1351 984 1364 1005 ,
1390 953 1567 996 laetatum

180 1033 299 1067 eum,
327 1016 439 1058 velut
461 1019 617 1058 honore
639 1016 897 1072 judicioque:
928 1031 1008 1058 tam
1039 1032 1143 1058 caeca
1172 1021 1213 1058 ὃς
1240 1032 1428 1074 corrupta
1454 1033 1567 1060 mens

181 1081 333 1121 affiduis
353 1079 649 1122 adulationibus
670 1095 777 1131 erat,
800 1094 843 1121 ut
865 1080 1037 1122 nesciret
1057 1096 1078 1122 a
1100 1080 1212 1122 bono
1232 1095 1343 1138 patre
1365 1096 1448 1122 non
1472 1081 1567 1123 scri-

102 1147 149 1186 15
178 1142 218 1185 bi
244 1145 459 1195 heredem,
487 1144 556 1183 nisi
582 1143 731 1184 malum
757 1146 999 1200 Principem.

242 1208 414 1249 XLIV.
449 1209 595 1248 NATU
608 1221 624 1247 s
645 1221 728 1248 erat
747 1206 963 1262 Agricola,
982 1207 1084 1249 Caio
1102 1207 1274 1258 Caesare,
1291 1210 1451 1250 tertium
1473 1224 1568 1250 con-

177 1268 263 1311 sule
279 1302 292 1322 ,
319 1271 454 1311 Idibus
479 1271 632 1314 Juniis:
661 1271 821 1311 exceffit
846 1271 958 1310 sexto
984 1275 1024 1311 ὃ(
1045 1271 1372 1325 quinquagesimo
1397 1288 1502 1312 anno
1530 1276 1569 1323 ²,

182 1335 343 1375 decimo
366 1333 563 1374 Calendas
582 1332 863 1389 Septembres,
886 1332 1060 1388 Collega
1079 1333 1297 1387 Priscoque
1322 1335 1568 1376 consulibus.

182 1398 308 1452 Quod
340 1398 365 1436 si
392 1396 572 1438 habitum
598 1412 756 1451 quoque
781 1396 863 1449 ejus
885 1397 1027 1452 posteri
1047 1397 1213 1438 noscere
1239 1396 1396 1449 velint,
1425 1398 1570 1439 decen-

99 1463 153 1493 20
181 1462 259 1502 tior
285 1460 401 1517 quam
428 1459 636 1501 sublimior
663 1460 762 1501 fuit:
802 1459 904 1500 nihil
930 1461 1057 1501 metus
1092 1462 1133 1500 in
1165 1458 1304 1501 vultu:
1335 1463 1461 1516 gratia
1491 1463 1570 1503 oris

179 1525 405 1581 supererat:
435 1523 588 1564 bonum
616 1525 744 1565 virum
779 1522 898 1565 facile:
924 1524 1135 1574 crederes,
1165 1539 1355 1579 magnum
1385 1524 1570 1567 libenter.

182 1586 235 1628 Et
267 1589 349 1644 ipse
377 1587 567 1643 quidem,
596 1602 835 1642 quamquam
865 1587 999 1628 medio
1026 1589 1068 1627 in
1098 1587 1224 1642 spatio
1259 1589 1419 1642 integra*
1449 1590 1573 1629 aetatis

181 1666 340 1707 ereptus
359 1681 372 1702 ,
404 1653 597 1705 quantum
626 1651 675 1691 ad
707 1649 902 1705 gloriam,
943 1649 1213 1705 longissimum
1239 1666 1366 1690 aevum
1400 1653 1568 1707 peregit.

181 1715 348 1771 Quippe
375 1718 414 1755 ὅ(
437 1728 530 1754 vera
553 1713 684 1764 bona,
715 1729 797 1767 quae
824 1715 863 1753 in
893 1713 1104 1754 virtutibus
1131 1714 1199 1754 fita
1226 1714 1315 1754 sunt
1332 1744 1343 1764 ,
1374 1714 1572 1770 impleve-

99 1785 152 1824 25
184 1791 269 1825 rat3
299 1782 339 1818 &
376 1775 650 1818 consularibus
678 1792 725 1818 ac
752 1776 1059 1832 triumphalibus
1087 1779 1332 1818 ornamentis
1366 1778 1530 1833 praedito
1558 1788 1574 1828 ,'

184 1841 280 1899 quid
302 1840 410 1883 aliud
434 1840 628 1882 adstruere
646 1840 807 1882 fortuna
828 1843 1012 1897 poterat?
1039 1840 1196 1897 Opibus
1218 1841 1350 1881 nimiis
1373 1856 1455 1882 non
1478 1855 1571 1896 gau-

186 1988 232 2019 lus
245 2012 252 2025 ‚
271 1989 361 2019 rebus
383 1989 441 2019 suis
460 1988 618 2025 intentus,
639 1989 754 2028 quique
775 1989 859 2020 aliud
904 2000 937 2027 13
958 1989 1060 2027 Junii,
1080 1988 1160 2019 Caio
1178 1987 1340 2028 Caligula,
1361 1988 1486 2019 tertium
1501 1998 1575 2019 con-

185 2028 268 2067 agit‚
287 2029 380 2067 quam
398 2028 537 2060 virorum
556 2028 717 2060 illustrium
744 2039 860 2060 mortes
899 2030 983 2065 sule,
1011 2032 1045 2060 ἃ.
1073 2029 1141 2059 solo
1161 2052 1170 2065 ,
1203 2039 1287 2058 anno
1318 2027 1404 2057 Urbis
1439 2028 1575 2058 condita:

185 2078 303 2098 curare.
900 2080 1042 2099 Dccxcrn
1057 2092 1065 2103 ‚
1087 2068 1154 2097 Jesu
1175 2067 1284 2097 Christi
1305 2077 1355 2103 40.
1372 2068 1500 2097 Exceffit
1518 2068 1576 2097 dc·-

228 2112 235 2125 ¹
262 2109 453 2136 ADFIRMARE
477 2118 571 2138 Ausim
595 2113 605 2142 ]
627 2108 765 2137 Affirmat
777 2107 860 2143 Dio,
900 2107 985 2138 cimo
998 2108 1152 2136 Kalendas
1166 2106 1377 2145 SeptembreS,
1400 2106 1503 2143 idest,
1526 2107 1577 2137 die

185 2146 289 2177 LXVI
303 2170 310 2178 ,
335 2156 400 2185 pag.
418 2157 489 2185 755.
507 2147 619 2177 Tacito
640 2157 705 2177 non
726 2145 861 2183 diligen-
881 2167 883 2172 .
900 2156 936 2184 23
955 2146 1098 2184 Augusti,
1119 2145 1269 2183 Pompeio
1287 2145 1419 2184 Collega
1441 2146 1475 2177 ὅ(
1496 2147 1576 2176 Cor-

184 2185 249 2215 tior
262 2209 270 2221 ‚
294 2185 345 2215 sed
358 2195 488 2224 praeceps
502 2185 597 2225 magis
609 2210 619 2224 ,
643 2188 678 2217 ὅ(
694 2185 861 2215 deteriori·
901 2186 986 2216 nelio
1002 2185 1102 2216 Prisco
1115 2208 1124 2221 ‚
1145 2185 1324 2215 consulibus
1336 2208 1344 2219 ‚
1370 2195 1454 2215 anno
1481 2187 1516 2215 U.
1539 2187 1578 2215 C.

186 2225 243 2256 bus
256 2234 381 2263 pronus.
902 2236 1085 2260 Dcccxrv1‚
1115 2226 1141 2254 J.
1169 2225 1206 2254 C.
1235 2234 1287 2261 93.
1312 2224 1424 2254 Caium
1444 2232 1547 2254 autem
1567 2248 1577 2260 ,

226 2269 239 2282 ²
261 2266 366 2294 διῖκτο
395 2272 432 2293 ετ
459 2274 719 2299 QmuQUAGrsmo
742 2274 822 2293 »iuno
846 2265 859 2300 ]
902 2264 1026 2294 tertium
1043 2263 1224 2297 consulem,
1248 2263 1334 2294 fuiss'e
1348 2263 1448 2294 solum
1463 2273 1498 2293 ac
1514 2263 1577 2293 fine

186 2303 322 2332 Proclivi
355 2302 550 2333 librariorum
583 2313 685 2334 errore
718 2302 861 2339 scriptum
901 2303 1022 2342 collegii
1038 2303 1183 2333 testantur
1200 2302 1278 2332 Fasti
1297 2303 1576 2337 Vindobonenses,

187 2340 310 2372 videtur
329 2343 398 2373 LVI
420 2352 474 2380 pro
505 2344 596 2379 LlV;
627 2344 662 2373 &
688 2342 861 2372 emendan-
902 2355 929 2373 c.
948 2353 1087 2372 cusam
1108 2353 1143 2371 111
1163 2353 1250 2372 soro.
1268 2343 1331 2372 Cur
1349 2342 1428 2372 solus
1448 2341 1575 2371 tertium

189 2380 264 2422 dum
283 2390 376 2419 quarto
406 2380 435 2409 Er
456 2381 680 2421 quinquagejfimo.
702 2383 799 2411 Natus
822 2381 862 2410 est
902 2382 1094 2412 consulatum
1111 2381 1227 2417 inierit,
1241 2381 1313 2412 vide
1328 2381 1361 2412 in
1374 2381 1578 2421 Supplemen-

188 2429 274 2451 enim
291 2420 436 2459 Agricola
460 2420 566 2454 Idibus
596 2421 694 2453 Juniis
707 2444 717 2459 ,
738 2421 790 2453 seu
810 2420 861 2452 die
901 2430 935 2453 to
952 2421 1064 2453 Annal.
1084 2422 1173 2460 VIII,
1195 2431 1244 2458 29.
