1952 2708
345 174 402 223 48
570 164 619 204 C.
687 158 1123 204 CORNELII
1185 157 1495 202 TAchr

345 262 432 297 cat,
458 245 672 287 exercitus:
692 241 910 299 plurimum
934 243 1113 284 virorum
1139 256 1433 298 equorumque:
1461 246 1502 283 ὃ(
1521 241 1730 296 quiescen-

344 312 449 352 tibus
476 308 613 349 eadem
636 307 753 348 fama.

407 371 629 413 XXXVI.
663 371 717 410 IN
738 369 862 410 latere
883 370 1143 412 Chaucorum
1165 370 1477 424 Cattorumque,
1500 369 1696 411 Cherusci
1711 376 1723 392 ¹

341 438 506 477 nimiam
526 451 573 475 ac
600 448 846 475 marcentem
863 434 931 474 diu
947 449 1087 489 pacem
1108 433 1302 474 illaceffiti
1325 434 1570 473 nutrierunt:
1606 433 1727 486 idque

339 498 555 554 jucundius
569 528 580 548 ‚
603 497 720 553 quam
740 499 863 538 tutius
886 497 983 537 fuit:
1010 498 1101 550 quia
1120 498 1222 537 inter
1245 499 1488 552 impotentes
1510 499 1549 536 &
1569 494 1726 536 validos

339 563 442 604 falso
465 562 663 617 quiescas:
689 561 758 601 ubi
779 575 899 600 manu
924 562 1078 614 agitur,
1105 560 1292 600 modestia
1323 575 1369 600 ac
1395 558 1569 615 probitas
1593 560 1728 598 nomi-

341 642 392 667 na
415 626 627 682 superioris
652 625 755 664 sunt.
779 624 840 663 Ita
863 624 930 676 qui
956 622 1053 663 olim
1078 639 1099 658 «
1126 622 1222 663 boni
1249 625 1427 677 aequique
1452 621 1649 662 Cherusci
1680 638 1728 672 »,

341 705 449 730 nunc
472 707 494 725 «
518 691 662 729 inertes
690 703 735 728 ac
755 685 859 726 stulti
886 703 906 722 »
934 700 1153 727 vocantur:
1184 686 1312 727 Cattis
1332 685 1546 726 victoribus
1565 684 1727 725 fortuna

338 754 381 793 in
404 753 636 808 sapientiam
653 751 773 792 cessit.
791 751 923 790 Traffi
944 749 1056 789 ruina
1073 749 1371 791 Cheruscorum
1392 753 1431 789 ὅ(
1452 748 1542 789 Fosi
1563 752 1576 768 ²
1592 778 1605 798 ,
1634 763 1728 788 con·-

338 817 508 856 termina
530 831 653 870 gens,
686 814 935 855 adversarum
960 828 1091 854 rerum
1117 828 1166 854 ex
1196 829 1306 868 aequo
1329 813 1454 864 socii,
1484 813 1576 853 cum
1600 812 1642 851 in
1667 810 1728 851 se-

338 880 480 920 cundis
507 880 680 919 minores
705 877 876 918 fuissent.

400 941 655 982 XXXVII.
689 940 909 980 EUMDEM
939 942 1162 982 Germaniae
1182 942 1296 982 situm
1319 945 1328 969 3
1355 940 1529 997 proximi
1554 940 1729 980 Oceano

337 1004 491 1044 Cimbri
513 1018 652 1045 tenent
673 1009 716 1054 4,
746 1020 865 1060 parva
893 1019 1000 1044 nunc
1027 1006 1167 1046 civitas
1194 1010 1237 1055 5,
1264 1004 1330 1044 sed
1360 1002 1486 1058 gloria
1512 1004 1653 1057 ingens
1687 1000 1728 1042 ⁶.

335 1068 558 1122 veterisque
582 1069 694 1108 famae
722 1066 803 1108 late
837 1068 1001 1121 vestigia
1022 1082 1185 1108 manent
1207 1097 1220 1119 ,
1244 1065 1410 1121 utraque
1434 1065 1518 1121 ripa
1541 1070 1555 1093 7
1585 1066 1726 1115 castra,

375 1183 384 1196 ²
409 1178 573 1208 Carnum
596 1177 610 1213 ]
628 1177 738 1211 Tunc,
759 1175 839 1206 infra
852 1174 1012 1212 Chaucos,
1052 1187 1158 1213 ruere,
1172 1177 1206 1208 &
1219 1177 1322 1216 postea
1337 1185 1408 1206 cum
1418 1175 1524 1214 Anglis
1534 1173 1728 1204 Britanniam

334 1215 417 1246 inter
446 1216 620 1254 Visurgim,
640 1215 663 1244 le
686 1215 792 1253 neser,
823 1217 856 1246 ὅ(
886 1215 1011 1258 Albim,
1053 1227 1256 1254 occupavere.

333 1254 441 1289 I'Elbe,
460 1255 644 1285 habitabant
671 1254 838 1289 Cherusci,
857 1255 912 1283 ubi
931 1264 1012 1283 nunc
1092 1261 1101 1281 ³
1124 1257 1266 1286 EUMDFM
1290 1256 1472 1285 Grannum
1500 1253 1626 1290 sx’ruM]
1652 1254 1727 1283 Ver-

333 1293 516 1333 Lunehourg,
528 1293 675 1332 Brunswik
686 1317 694 1329 ‚
712 1295 801 1329 partie
814 1292 845 1322 de
861 1291 1013 1321 zaMarche
1051 1297 1099 1324 siis
1115 1294 1391 1332 Septemtrionem.

332 1333 366 1362 de
386 1333 585 1372 Brundehourg
604 1343 635 1361 en
657 1331 723 1369 defi·
740 1331 772 1360 de
785 1331 885 1361 l‘Elbe.
903 1332 1009 1362 Latius
1089 1338 1104 1357 ⁴
1125 1335 1242 1364 Cinam
1266 1345 1384 1364 TENENT
1405 1333 1420 1369 ]
1437 1332 1542 1361 Manet
1559 1330 1659 1361 adhuc
1674 1340 1727 1360 eo-

334 1373 413 1403 olim
436 1372 561 1411 Augusti
592 1372 768 1410 principatu
799 1371 978 1402 habitavere
1002 1395 1010 1408 ‚
1051 1383 1118 1402 rum
1136 1384 1274 1405 nomen,
1295 1374 1327 1403 ὅ(
1344 1382 1417 1411 quas
1449 1371 1610 1401 incoluere
1634 1378 1728 1400 terras

332 1420 428 1450 atque
446 1411 538 1442 etiarn
555 1411 597 1441 cis
620 1411 791 1450 Visurgim,
814 1421 848 1442 ut
865 1419 948 1449 patet
975 1421 1011 1440 ex
1052 1412 1182 1442 dicimus
1203 1412 1229 1441 la
1254 1411 1411 1450 Cherstmest‘
1428 1433 1436 1446 ‚
1463 1420 1495 1439 οιι
1525 1409 1552 1438 la
1578 1407 1729 1448 prqfiyu'g'sle

333 1450 423 1480 Drusi
458 1450 728 1489 expeditionibus*
753 1451 833 1488 apud
874 1450 1011 1480 Dionem
1051 1450 1220 1486 cimbrique;
1233 1446 1728 1488 ubileJutland‚Slefivig,IeHol*

333 1491 424 1523 LIV,
444 1500 511 1529 pag.
544 1501 612 1528 544.
639 1491 672 1520 &c
687 1490 843 1519 Velleium
869 1491 895 1519 ΙΙ
909 1513 917 1524 ,
944 1500 1010 1529 105.
1042 1490 1123 1529 stein.
1141 1491 1345 1522 Cimbrorum
1359 1489 1491 1529 gloriam
1506 1487 1671 1526 variosque
1681 1496 1729 1517 ca-

332 1529 377 1560 Ni
392 1529 491 1564 forte,
512 1538 544 1559 ut
565 1529 706 1559 observat
735 1530 783 1558 Cl.
804 1528 981 1558 Dithmarus
1001 1553 1009 1565 ,
1051 1530 1095 1559 sus
1115 1531 1219 1569 paucis
1233 1553 1240 1565 ‚
1262 1530 1312 1560 sed
1325 1531 1486 1564 accurate,
1507 1527 1603 1557 descri
1627 1526 1662 1556 fit
1677 1526 1727 1556 Cl.

332 1579 401 1607 quae
427 1569 465 1598 de
490 1568 649 1598 Cheruscis
666 1568 710 1597 cis
730 1567 884 1606 Visurgim
904 1568 1009 1598 ferun—
1621 1576 1634 1595 e
1657 1565 1728 1594 Da·-

333 1616 383 1638 tur
400 1631 408 1643 ,
434 1607 639 1646 intelligenda
660 1607 717 1637 sint
740 1608 778 1636 de
808 1607 986 1645 Dulgibinis
1002 1632 1010 1643 ,

1051 1571 1159 1600 Mallet
1171 1593 1179 1604 ‚
1197 1569 1381 1599 Introdubiion
1407 1570 1423 1597 ci
1442 1566 1578 1607 [Histoire

1050 1610 1179 1638 neni-arch
1191 1633 1199 1646 ,
1220 1619 1287 1648 pag.
1307 1619 1339 1646 13
1355 1609 1388 1639 δί
1405 1608 1490 1646 seqq.

333 1646 564 1677 Cheruscorum
597 1646 774 1676 clientibus.
807 1648 888 1676 Nam
901 1668 910 1680 ,
938 1647 1011 1677 teste

333 1687 488 1716 Strabone
509 1687 574 1716 VH.
591 1696 656 1724 pag.
675 1697 745 1722 291.
759 1688 873 1716 Varum
890 1687 1011 1717 cecide-

332 1736 365 1755 re
385 1725 531 1755 Cherusci
553 1725 651 1764 iisque
674 1725 788 1755 subditi
816 1726 934 1764 populi.
963 1727 1030 1756 De·

333 1764 467 1795 Variana
497 1765 583 1795 clade
612 1764 727 1794 dietum
747 1764 814 1795 satis
840 1766 950 1795 Annal.
974 1767 1010 1803 1,

331 1808 382 1834 60.
393 1814 461 1843 pag.
477 1815 524 1843 52.
540 1812 608 1834 not.
623 1815 650 1833 2.
665 1804 795 1843 Egregia
807 1815 934 1843 quoque
957 1808 1012 1834 Ar-

331 1843 423 1872 minii
447 1864 456 1877 ,
482 1843 708 1874 Cheruscorum
737 1844 821 1873 ducis
841 1868 849 1879 ,
870 1844 1011 1875 facinora

332 1883 470 1912 vidimus
493 1883 581 1912 libris
596 1882 791 1912 Annaliuml
810 1884 844 1913 &
862 1885 900 1912 ΙΙ.

372 1925 382 1937 ²
406 1923 450 1951 Er
470 1923 544 1953 Fosr
568 1924 580 1959 ]
611 1922 706 1952 Fosos
735 1922 862 1952 eosdem
890 1923 948 1953 effe
975 1934 1009 1954 ac

330 1962 467 1991 Saxones
504 1961 651 2000 antiquos
676 1961 789 1992 volunt
814 1962 980 1992 Cluverius
999 1987 1008 2000 ,

330 2000 470 2039 Laccary
486 2001 602 2040 aliique
616 2000 716 2031 multi.
728 2004 768 2031 At
779 2012 849 2031 cum
864 2001 934 2031 Fosi
946 2003 1010 2032 fue-

330 2039 394 2069 rint
406 2039 564 2070 Cheruscis
583 2040 773 2070 contermini
793 2063 802 2075 ,
833 2041 941 2071 verior
967 2041 1007 2071 est

330 2079 380 2108 Cl.
394 2078 547 2108 Leibnitii
560 2079 722 2113 sententia,
732 2080 829 2110 Fosos
843 2080 1005 2110 incoluisse

329 2118 369 2147 ad
383 2117 492 2147 Fusam
507 2128 648 2151 amnem,
692 2118 723 2147 ui
737 2119 818 2156 apud
834 2120 938 2149 Cellas
954 2120 1008 2149 Al-

330 2157 426 2186 leram
444 2157 576 2186 fiuvium
588 2181 595 2192 ‚
617 2156 675 2185 l‘Al
689 2167 716 2185 ει·
730 2181 738 2193 ,
768 2158 868 2187 subit:
892 2158 1006 2197 eosque

330 2194 418 2225 fuifl'e
433 2196 518 2225 velut
538 2196 742 2234 appendicem
758 2196 985 2226 Cheruscorum
997 2221 1005 2233 ,

330 2242 365 2264 ut
390 2233 486 2265 hodie
513 2234 780 2265 Brunsvicenfium
808 2235 1006 2267 Heildeshei-

329 2273 468 2310 menses,
490 2273 682 2302 Heildesfzeim.
703 2276 862 2305 Saxonum
888 2286 1006 2307 nomen

330 2313 444 2343 Tacito
472 2313 647 2348 recentius,
677 2323 734 2343 nec
764 2314 906 2344 innotuit
934 2325 1006 2346 ante

330 2352 487 2382 Antonini
500 2351 542 2381 Pii
556 2352 764 2390 principatum
776 2375 784 2387 ‚
801 2364 864 2392 quo
881 2362 1005 2392 tempo-

1092 1655 1099 1675 5
1124 1651 1235 1681 Pam-A
1259 1661 1337 1679 nuuc
1361 1657 1490 1679 civrras
1511 1648 1524 1684 ]
1542 1648 1640 1677 Parva
1657 1644 1731 1684 quia

1050 1689 1121 1718 dem
1139 1698 1213 1718 tunc
1227 1697 1292 1718 erat
1309 1687 1418 1718 civitas
1433 1710 1441 1722 ‚
1461 1685 1701 1725 migrationibus
1715 1706 1728 1720 ‚

1050 1727 1311 1758 inundationibus
1331 1751 1339 1763 ,
1376 1726 1468 1757 bellis
1486 1749 1495 1762 ,
1525 1723 1728 1761 cladibusque

1051 1767 1214 1803 exhausta,
1238 1776 1271 1797 ut
1293 1767 1401 1796 videre
1424 1766 1465 1796 est
1489 1765 1570 1803 apud
1594 1763 1728 1793 Florum

1050 1808 1112 1841 Ill,
1135 1818 1160 1844 3.
1179 1807 1238 1837 Sed
1262 1806 1364 1845 postea
1387 1804 1529 1836 revaluit.
1548 1804 1584 1833 Et
1607 1813 1645 1846 ex
1668 1801 1728 1832 hac

1050 1847 1190 1885 gentium
1212 1845 1326 1885 vagina
1349 1844 1497 1875 emersere
1517 1844 1629 1886 Franci
1639 1865 1652 1885 ,¹
1670 1843 1728 1871 Sa-

1049 1896 1148 1916 xones
1159 1909 1167 1921 ,
1188 1885 1366 1916 Normanni
1377 1908 1385 1919 ,
1401 1883 1516 1922 aliique
1528 1883 1727 1925 plurimi-po-

1050 1925 1138 1963 puli,
1167 1925 1220 1964 qui
1243 1933 1343 1954 totam
1365 1923 1461 1954 ferme
1480 1924 1635 1959 Europam
1651 1923 1727 1958 juris

1049 1963 1231 1995 Germanici
1250 1964 1361 1994 fecere.

1088 2005 1101 2022 ⁶
1123 2005 1247 2034 Grorxia
1272 2015 1378 2033 JNGFNS
1399 2006 1412 2041 ]
1430 2005 1486 2033 Per
1501 2000 1726 2037 Germaniam,

1047 2043 1201 2079 Galliam,
1218 2043 1398 2081 Hispaniam
1411 2066 1419 2078 ,
1439 2041 1649 2076 Britanniam,
1665 2041 1726 2070 Ita-

1047 2082 1121 2111 liam
1134 2105 1141 2117 ,
1161 2084 1195 2112 &
1211 2083 1249 2111 ad
1268 2082 1405 2112 Moeotin
1421 2082 1515 2120 usque
1532 2104 1541 2116 ‚
1569 2080 1632 2117 quo
1647 2089 1725 2116 pro-

1047 2121 1131 2159 gressi
1145 2144 1153 2155 ,
1175 2121 1247 2151 teste
1262 2120 1430 2151 Pofidonio
1443 2120 1522 2157 apud
1538 2118 1726 2162 Strabonem

1047 2161 1117 2189 libr.
1138 2162 1214 2195 VII,
1235 2171 1301 2199 pag.
1327 2171 1405 2196 203,
1426 2159 1650 2194 Cimmerium,
1671 2166 1725 2190 aut

1048 2199 1240 2230 Cimbricum
1252 2223 1260 2234 ‚
1272 2198 1466 2236 Bosphorum
1480 2197 1517 2228 de
1525 2198 1578 2227 suo
1591 2197 1724 2229 nomine

1047 2239 1292 2277 appellaverunt.

1086 2284 1098 2302 ⁷
1120 2279 1269 2311 UTRAQUE
1294 2287 1367 2306 Rip»,
1390 2278 1403 2313 ]
1430 2275 1564 2311 Utraque
1586 2275 1724 2306 Cherso-

1047 2315 1109 2345 nefi
1133 2315 1299 2345 Cimbricae
1325 2313 1389 2353 ripa
1412 2315 1508 2353 vulgo
1527 2323 1691 2354 exponunt
1713 2339 1725 2353 ‚

1047 2365 1105 2384 nec
1127 2355 1216 2385 male.
1245 2354 1428 2384 Existimant
1453 2363 1556 2385 tamen
1578 2354 1638 2384 viri
1659 2355 1725 2385 eru÷

330 2400 363 2422 re
377 2391 569 2423 Chersoneso
593 2391 754 2424 Cimbrica
775 2392 880 2431 egreffi
907 2392 1007 2426 incla-
1024 2390 1032 2429 l
1048 2393 1107 2425 diti
1120 2393 1286 2426 Cluverius
1301 2394 1334 2426 ὃς
1347 2393 1544 2430 Dithmatus,
1565 2397 1636 2426 cum
1649 2393 1726 2424 inde

1677 2468 1726 2496 aC

1783 504 1805 544 *t

1759 818 1814 849 10
