1952 2708
88 840 136 867 10

88 1147 134 1186 15

84 1469 139 1494 20

394 175 728 218 DIALOGUS
763 173 846 214 DE
880 175 1319 217 ORATORIBUS.
1467 189 1550 226 147

168 261 284 304 video
313 256 499 298 laetissima
522 269 684 310 quaeque
711 255 964 307 antiquorum
994 255 1235 295 imitantem:
1267 260 1307 296 ὅ(
1336 270 1407 297 vos
1422 285 1434 305 ,
1456 256 1550 297 Ma-

166 336 277 364 terne
303 336 349 361 ac
374 319 560 361 Secunde
585 325 593 341 ¹
613 348 625 369 ,
647 319 703 358 ita
723 317 908 372 gravitati
930 315 1114 356 sensuum
1134 318 1307 357 nitorem
1328 323 1367 358 ὃ(
1391 318 1548 360 cultum

164 384 378 428 verborum
397 384 598 429 miscetis;
630 397 676 422 ea
697 380 838 421 elefflo
858 380 1102 420 inventionis
1119 409 1130 428 ‚
1154 380 1184 420 is
1206 379 1305 420 ordo
1326 395 1481 432 rerum,
1508 387 1551 424 &

166 449 351 503 quotiens
382 446 496 488 causa
535 446 694 502 poscit,
729 443 913 490 ubertas;
945 458 1019 493 ea,
1053 443 1237 496 quotiens
1265 445 1507 498 permittitur
1534 475 1549 495 ‚

165 511 365 561 brevitas,
396 512 427 551 is
462 509 762 565 compositionis
795 508 918 548 decor
940 536 952 556 ,
983 521 1028 547 ea
1063 505 1349 546 sententiarum
1380 506 1550 562 planitas

165 577 238 625 est,
255 575 306 615 s1c
327 574 548 630 exprimitis
570 573 752 620 affectus,
776 571 826 612 sic
846 569 1071 610 libertatem
1093 570 1344 624 temperatis,
1362 582 1405 608 ut
1427 571 1549 610 etiam

164 639 191 679 fi
214 639 342 678 nostra
370 636 517 688 judicia
549 634 775 690 malignitas
805 638 845 674 &
873 633 1023 674 invidia
1062 632 1304 682 tardaverit,
1332 646 1471 672 verum
1499 633 1550 674 de

165 700 280 742 vobis
307 701 446 741 di&uri
470 699 543 739 slnt
570 703 584 719 ²
608 699 750 754 posteri
780 697 913 738 nostri.

227 763 404 803 XXIV.
439 764 561 816 QUAE
593 765 684 802 cum
710 762 819 817 Aper
851 759 1006 800 dixisset
1031 788 1044 810 ‚
1090 758 1324 814 Agnoscitis
1359 773 1409 798 ne
1433 787 1446 807 ‚
1489 758 1551 797 in-

166 828 251 881 quit
280 826 520 875 Maternus,
558 826 640 866 vim
679 829 719 865 ὅ(
746 824 928 865 ardorem
963 823 1064 878 Apri
1097 823 1244 863 nostri?
1282 837 1362 876 quo
1395 822 1551 876 impetu

164 888 349 931 sacculum
384 890 558 929 nostrum
592 888 794 929 defendit!
831 886 948 940 quam
979 886 1144 941 copiose
1172 901 1218 926 ac
1249 886 1356 925 varie
1388 885 1552 924 vexavit:

165 954 371 1006 antiquos!
405 966 555 1006 quanto
588 967 670 992 non
709 951 837 991 solum
867 950 1031 1004 ingenio
1060 964 1107 989 ac
1135 949 1300 1004 spiritu,
1330 948 1396 988 sed
1427 949 1549 988 etiam

165 1016 390 1056 eruditione
414 1020 454 1056 ὃ(
481 1030 562 1056 arte
578 1046 590 1065 ‚
617 1014 663 1055 ab
690 1015 776 1070 ipsis
804 1027 1004 1053 mutuatus
1024 1013 1076 1052 est
1094 1041 1105 1060 ,
1131 1026 1200 1067 per
1221 1026 1303 1065 quae
1326 1026 1421 1051 mox
1444 1011 1551 1066 ipsos

166 1079 374 1119 incesseret
392 1084 399 1117 !
421 1079 556 1119 Tuum
579 1091 712 1118 tamen
728 1108 738 1127 ‚
762 1075 929 1118 Messala
944 1106 956 1126 ‚
973 1075 1203 1131 promiffum
1225 1075 1446 1115 immutaffe
1469 1089 1552 1114 non

167 1141 315 1182 debes:
358 1157 486 1196 neque
522 1143 630 1183 enim
661 1141 887 1181 defensores
919 1139 1174 1191 antiquorum
1213 1139 1437 1192 exigimus,
1475 1151 1553 1177 nec

168 1220 405 1259 quemquam
434 1206 679 1254 nostrorum,
707 1217 944 1257 quamquam
967 1201 1089 1242 modo
1111 1200 1260 1240 laudati
1282 1201 1439 1250 sumus,
1469 1201 1551 1249 his,

167 1283 267 1321 quos
304 1268 512 1308 insectatus
545 1269 598 1307 est
630 1268 765 1322 Aper,
794 1279 1093 1320 comparamus:
1131 1279 1176 1304 ac
1209 1279 1256 1304 ne
1282 1264 1364 1319 ipse
1389 1263 1553 1317 quidem

168 1332 222 1371 ita
251 1331 397 1381 sentit,
427 1330 494 1370 sed
525 1345 637 1371 more
669 1330 822 1378 veteri,
860 1333 898 1368 ὅ(
922 1343 943 1368 a
969 1328 1102 1368 vestris
1127 1325 1379 1381 philosophis
1410 1331 1418 1354 ³
1452 1326 1554 1381 saepe

169 1392 399 1444 celebrato,
432 1394 591 1449 sumpsit
627 1392 695 1433 fibi
727 1391 1030 1433 contradicendi
1061 1402 1202 1445 partes.
1231 1388 1434 1444 Exprome
1475 1404 1551 1428 no-

166 1455 225 1496 bis
242 1487 255 1506 ,
286 1472 366 1497 non
389 1457 660 1497 laudationem
684 1457 938 1509 antiquorum
957 1485 969 1505 ‚
999 1454 1088 1494 satis
1114 1454 1221 1493 enim
1247 1451 1338 1492 illos
1361 1452 1465 1493 fama
1486 1452 1554 1492 sua

167 1518 302 1560 laudat
316 1550 327 1569 ‚
343 1520 409 1560 sed
426 1520 559 1560 causas
575 1550 586 1569 ,
608 1534 677 1560 cur
695 1520 734 1558 in
751 1532 905 1559 tantum
923 1518 969 1558 ab
986 1513 1215 1570 eloquentia
1229 1530 1368 1555 eorum
1383 1515 1554 1556 receffe-

165 1584 314 1629 rimus3
343 1588 434 1624 cum
463 1583 673 1639 pracsertim
710 1596 873 1623 centum
899 1585 939 1622 δε
970 1581 1114 1635 viginti
1147 1594 1270 1620 annos
1307 1578 1353 1619 ab
1387 1579 1552 1619 interitu

168 1645 378 1686 Ciceronis
404 1648 445 1685 in
473 1648 582 1687 hunc
615 1646 721 1686 diem
748 1645 855 1686 effici
890 1646 992 1685 ratio
1020 1658 1245 1698 temporum
1279 1647 1296 1670 4
1324 1640 1552 1695 collegerit.

231 1709 380 1749 XXV,
412 1709 527 1749 TUM
555 1707 749 1761 spleffi'zla:
777 1710 926 1762 Sequar
954 1723 974 1747 a
999 1720 1038 1747 te
1063 1706 1328 1762 praescriptam
1356 1705 1523 1745 formam
1540 1733 1554 1753 ‚

170 1772 354 1813 Materne
381 1789 388 1811 :
414 1787 542 1826 neque
563 1774 669 1812 enim
684 1772 752 1812 diu
767 1770 1124 1812 contradicendum
1149 1770 1201 1809 est
1221 1771 1334 1824 Apro
1351 1798 1363 1817 ‚
1393 1769 1459 1821 qui
1480 1769 1556 1822 pri-

170 1837 305 1886 mum,
334 1849 379 1877 ut
408 1837 579 1893 opinor,
614 1836 787 1877 nominis
827 1833 1135 1876 controversiam
1164 1834 1317 1882 movit,
1351 1844 1555 1884 tamquam

214 1994 222 2008 ¹
259 1989 430 2023 Stcuunss]
472 1991 576 2027 Quem
611 1989 706 2019 valde
740 1989 843 2020 laudat
861 1991 865 2019 Ι
882 1989 960 2025 lene,
987 1988 1173 2027 &speciosa-m
1200 1985 1309 2015 dicendi
1336 1993 1448 2025 genus.-
1472 1992 1554 2011 talita

173 2027 388 2065 Quintilianus
401 2051 409 2063 ‚
431 2027 549 2066 Instnur.
568 2027 651 2058 Orar.
670 2030 698 2058 X
718 2051 727 2064 ‚
749 2039 774 2059 1.
792 2028 844 2058 Ju-
861 2022 865 2088 i
882 2028 1020 2058 verborum
1034 2052 1042 2065 ,
1063 2028 1145 2056 etiam
1170 2037 1227 2065 (μα’
1246 2026 1373 2065 aſjumpra
1386 2024 1470 2061 fimf,
1484 2033 1555 2059 PFO-

173 2066 210 2095 lio
237 2067 361 2096 Secundo
378 2066 407 2105 fi
436 2067 541 2106 longior
571 2067 720 2107 contigzffet
750 2077 843 2104 zetas,
881 2069 986 2104 prietav
1014 2079 1022 2093 ‚·
1050 2076 1129 2095 tanta
1156 2066 1183 2094 in
1213 2064 1367 2104 quibusdam
1389 2073 1422 2092 ex
1435 2061 1555 2100 periculo

173 2106 343 2145 clariffimum
364 2105 477 2142 profem
504 2116 597 2134 nomen
629 2106 746 2135 oratoris
774 2106 845 2142 apud
883 2105 1182 2144 petitisfignijz'cantia.

170 2145 287 2183 posteros
302 2145 384 2182 fhrer.
410 2145 553 2185 Adjeciſjet
575 2144 645 2173 enim
662 2166 671 2179 ,
699 2154 777 2183 atque
796 2145 846 2173 ad·
924 2149 935 2162 ²
957 2145 1092 2175 chrum
1110 2143 1204 2179 sim]
1231 2143 1323 2172 Reffe
1346 2140 1430 2171 enim
1453 2139 1556 2177 Quin-

168 2184 285 2223 jiciebar
313 2184 409 2213 cereris
435 2184 581 2213 virtutihus
596 2185 678 2222 fiiis,
697 2183 764 2222 quod
777 2183 846 2223 ᾱςΙΞ-
884 2184 1008 2215 ‘cilianus
1023 2208 1031 2219 ‚
1058 2183 1146 2220 Infs'z't.
1170 2182 1252 2211 Orar.
1274 2182 1337 2218 ΙΙΙ,
1364 2191 1388 2210 1.
1411 2178 1456 2208 Ad
1470 2178 1555 2217 poste-

175 2223 267 2252 τίεται-ι’
285 2224 376 2263 potest.
397 2222 430 2252 Id
449 2223 484 2262 est
508 2233 596 2252 aurem
613 2247 621 2259 ,
643 2233 672 2251 ut
693 2223 751 2262 effer
765 2223 846 2252 mult&
885 2233 928 2253 ros
957 2224 1029 2253 enim
1054 2219 1142 2253 virtus
1163 2221 1271 2250 durabit
1294 2244 1303 2258 ‚
1330 2230 1384 2249 non
1415 2218 1557 2256 perveniet

175 2264 264 2302 magis
287 2273 401 2302 pugnax·
418 2287 426 2299 ,
456 2263 485 2292 [r
503 2263 608 2301 soepius
630 2262 666 2290 ad
687 2272 779 2291 curam
799 2274 847 2292 re-
885 2262 1004 2292 invidia.

176 2311 234 2330 rum
255 2302 288 2330 ab
310 2301 456 2332 elocutione
482 2303 632 2341 respiceret-
658 2301 785 2330 Ceteram
802 2303 848 2332 in·
927 2307 936 2328 3
966 2304 990 2331 A
1020 2311 1151 2332 VESTRls
1176 2300 1408 2336 Pan-osorius]
1435 2297 1557 2328 Acade-

176 2349 310 2377 terceprus
333 2352 431 2380 quoque
452 2352 581 2381 magnum
591 2340 647 2380 fibi
665 2341 791 2370 vindicat
811 2342 850 2370 lo·
887 2341 974 2371 micis
994 2340 1120 2371 scilicet.

177 2389 247 2409 cum.
263 2380 305 2408 Ea
322 2381 355 2420 est
365 2381 500 2418 facundia
512 2405 521 2418 ‚
539 2390 618 2410 tanta
631 2381 658 2410 in
674 2380 847 2417 explicando,
924 2386 939 2404 4
959 2382 1062 2411 Rmo
1086 2389 1257 2411 'remorum
1272 2382 1283 2413 ]
1302 2380 1405 2416 Quam
1424 2375 1494 2407 vide
1508 2372 1559 2403 su·-

179 2418 247 2458 quod
279 2419 344 2450 velit
363 2444 373 2459 ,
400 2421 496 2460 gratia
523 2434 532 2451 .·
557 2430 614 2451 tam
633 2420 798 2461 candidam,
819 2420 848 2451 ὓ·
888 2422 941 2460 pra
962 2430 1027 2460 cap.
1052 2429 1099 2459 17.

1253 2475 1342 2529 Tij
