1952 2708
217 222 333 238 l

218 262 248 285 A.
260 262 289 284 U.
301 262 331 285 C.

237 318 310 346 799·

243 366 267 389 J,
274 366 304 389 c,

248 414 298 446 46,

352 141 442 177 414.
645 123 1448 168 SUPPLEMENTUM

415 203 622 245 XXXII.
656 205 811 246 ANNri
830 204 1032 257 Plocami,
1058 208 1125 260 qui
1145 208 1262 248 maris
1275 207 1404 248 Rubri
1433 213 1443 230 ¹
1473 206 1643 263 vefflgal
1665 211 1680 229 ²
1706 223 1729 249 a

352 268 449 309 fisco
481 268 729 319 redemerat,
755 267 920 310 libertus
940 270 1046 311 circa
1062 269 1250 311 Arabiam
1271 273 1461 326 navigans
1478 301 1491 322 ‚
1518 272 1729 328 raptusque

352 330 621 385 Aquilonibus
641 337 650 361 ³
672 345 810 388 praeter
823 332 1075 373 Carmaniam
1088 338 1106 361 4
1119 362 1132 383 ,
1154 346 1210 372 xv
1235 333 1299 374 die
1315 335 1521 390 Hippuros
1538 348 1695 390 portum
1715 338 1726 366 5

351 396 529 435 invechrs
555 396 607 435 est
637 411 644 434 :
673 394 860 451 hospitali
888 397 992 450 regis
1013 393 1227 436 clementia
1242 396 1311 436 sex
1335 397 1526 437 mensium
1547 411 1730 453 tempore

350 457 527 498 imbutus
550 457 729 512 alloquio
746 458 762 479 ⁶
776 488 790 509 ,
814 460 1087 514 Ρεῑευηξὶειηῑί
1108 460 1242 514 postea
1263 461 1436 500 narravit
1453 461 1661 500 Romanos
1688 464 1730 501 ὅ(

352 521 547 561 Caesarem
564 526 593 559 ⁷.
617 522 770 562 Mirum
794 523 836 560 in
857 522 1021 562 modum
1037 523 1078 561 in
1094 522 1236 562 auditis
1248 519 1433 573 justitiam
1448 521 1517 563 ille
1531 523 1704 578 suspexit
1718 551 1732 572 ‚

351 583 460 639 quod
477 598 588 640 pares
604 585 779 641 pondere
793 584 943 624 denarii
956 584 1079 625 effent
1098 585 1139 624 in
1160 584 1317 640 captiva
1338 583 1509 642 pecunia
1524 615 1537 635 ‚
1563 589 1654 626 cum
1670 585 1734 625 di-

352 648 471 688 versae
493 648 686 702 imagines
704 647 926 688 indicarent
951 663 972 688 a
999 647 1177 703 pluribus
1192 645 1206 670 ⁸
1226 649 1374 696 fa&os;
1403 653 1444 689 &
1460 650 1540 690 hoc
1559 649 1733 689 maxime

352 709 590 752 sollicitatus
613 711 661 752 ad
694 710 912 751 amicitiam
937 740 951 762 ,
984 710 1138 766 legatos
1166 716 1183 741 9
1205 724 1375 766 quatuor
1394 712 1521 763 mifit,
1551 713 1733 768 principe

351 788 492 814 eorum
507 772 675 814 Rachia.

416 837 648 877 XXXIII.
682 839 937 878 NOSTRUM
974 836 1115 878 caelum
1141 842 1189 888 ¹0,
1225 837 1309 879 suas
1334 837 1491 879 umbras
1511 844 1541 860 ¹¹
1573 838 1733 887 mirati,

353 900 423 956 ipsi
440 901 480 939 in
498 899 602 940 Urbe
617 902 908 956 peregrinitatis
921 899 1036 942 avida
1054 901 1308 942 admirationi
1336 901 1460 942 fuere.
1498 901 1561 941 Ex
1589 903 1636 941 iis
1664 915 1735 941 co-

353 964 510 1017 gnitum
533 980 554 999 «
570 962 637 1003 sua
656 965 697 1003 in
713 963 840 1004 insula
855 965 1072 1018 quingenta
1086 964 1161 1004 esse
1175 965 1344 1020 oppida:
1362 964 1688 1006 Palaefimundum
1699 966 1734 985 ¹²

353 1042 376 1062 2>
388 1027 569 1066 omnium
583 1026 638 1066 ibi
655 1026 927 1078 clarissimum,
944 1043 990 1068 ac
1007 1028 1156 1081 regiam
1174 1040 1226 1067 cc
1247 1027 1346 1069 mill.
1363 1027 1490 1085 plebis
1507 1033 1535 1056 ¹³
1553 1045 1560 1068 :
1578 1027 1734 1068 servum

351 1090 536 1129 »nemini
552 1106 559 1129 :
574 1104 657 1130 non
670 1091 712 1129 in
733 1089 839 1130 diem
863 1103 931 1131 aut
955 1090 1130 1130 interdiu
1148 1091 1332 1131 somnum
1356 1104 1364 1128 :
1389 1106 1504 1146 agros
1521 1090 1734 1146 diligenter

354 1266 373 1297 Ι
393 1232 409 1295 ὲ
429 1228 536 1259 Manis
567 1239 659 1260 nunni
679 1233 689 1264 ]
718 1230 811 1260 Nunc
840 1228 868 1258 la
888 1228 953 1258 Mer
981 1228 1028 1258 der

372 1277 628 1350 ηξωὺεετῐςη]
656 1308 825 1348 VeStigalia
858 1307 954 1346 vulgo
989 1308 1028 1338 ad

355 1355 608 1383 qumquennlum
639 1347 834 1379 locabantur.
874 1347 921 1377 De
953 1347 1026 1377 fisco

354 1384 506 1423 Principis
521 1385 595 1423 saepe
611 1385 738 1417 dicium.

1066 1228 1110 1259 ita
1121 1238 1274 1260 noverant
1285 1254 1293 1265 ‚
1307 1229 1340 1259 in
1352 1229 1498 1259 Australia
1510 1229 1559 1259 sua
1572 1228 1668 1259 fidera
1675 1239 1736 1260 ma-

1067 1268 1111 1306 gis
1126 1269 1250 1300 intenti.
1275 1269 1352 1300 Plin.
1372 1270 1434 1299 loc.
1453 1268 1504 1299 cit.
1523 1268 1737 1304 Septemzriones

1068 1308 1254 1347 Vergiliusque
1275 1308 1347 1345 apud
1369 1318 1418 1337 7105
1430 1331 1439 1344 ‚
1457 1307 1541 1337 veluti
1557 1318 1624 1337 novo
1650 1307 1736 1345 coelo,

1067 1347 1249 1376 mirabantur.
1260 1348 1355 1378 Addit
1366 1347 1482 1377 Plinius
1497 1347 1637 1384 Canopum
1648 1347 1738 1376 lucere

1067 1386 1292 1426 nuchhar-,fidus
1303 1388 1402 1425 ingens
1419 1386 1448 1415 [2⁶
1461 1386 1572 1415 clarum.
1588 1388 1672 1416 Errat
1680 1397 1738 1417 au-

397 1429 407 1450 3
430 1426 670 1459 AQuuoufflus]
698 1427 774 1456 Non
802 1433 903 1463 raptus
927 1424 1027 1464 Aqui-

357 1462 569 1498 lone‚Gallice
584 1463 607 1492 le
618 1474 681 1493 vent
694 1464 726 1493 de
734 1464 934 1504 Nord-Est1fic
944 1464 1027 1494 enim

356 1510 469 1532 ventus
500 1501 601 1533 fuiffet
623 1503 819 1543 navigationi
844 1504 1027 1534 contrarius.

356 1542 416 1571 Sed
426 1550 526 1580 raptus
538 1542 579 1572 est
591 1543 800 1582 Aquilonibus
814 1567 823 1580 ,
841 1543 891 1573 seu
908 1551 1028 1581 tempe-

357 1580 481 1610 statibus
503 1604 512 1617 ‚
536 1590 569 1611 ut
594 1585 673 1613 recte
696 1583 829 1622 explicat
844 1582 1028 1613 Harduinus.

359 1621 463 1649 Cauro
481 1643 490 1655 ,
512 1620 535 1648 le
555 1630 619 1649 vent
643 1621 675 1650 de
689 1622 884 1661 Noni-Ouest,
903 1623 1029 1661 procel—

359 1658 428 1689 loso
443 1666 539 1689 vento
550 1662 630 1690 aetus
642 1661 777 1692 videtur.

396 1703 413 1741 f
433 1699 664 1738 CARMAumm]
692 1702 787 1739 Cujus
802 1710 919 1731 nomen
931 1700 1029 1731 adhuc

358 1745 472 1767 retinet
484 1737 508 1766 le
521 1742 651 1769 Kerman.

402 1782 409 1803 5
435 1777 595 1808 Hmmms
630 1791 758 1809 pom-uu
783 1783 793 1813 ]
832 1780 940 1809 Portus
977 1779 1030 1810 ille

360 1815 430 1845 sane
444 1816 503 1846 fuit
519 1816 551 1846 in
567 1819 767 1848 Occidentali
788 1818 841 1849 ora
856 1818 959 1847 insulae
973 1820 1031 1849 Ta-

1068 1433 1131 1456 tem
1141 1450 1149 1463 ‚
1166 1435 1218 1456 aut
1229 1426 1369 1456 fefellere
1382 1426 1474 1465 legati
1485 1450 1493 1463 ‚
1513 1437 1546 1454 ne
1556 1425 1666 1454 Lunam
1674 1425 1738 1464 qui-

1069 1465 1127 1493 dem
1141 1465 1302 1504 apudipjbs,
1319 1465 1370 1504 nisi
1384 1466 1417 1494 ab
1434 1465 1526 1494 οέἰανά
1537 1464 1573 1493 ad
1587 1465 1739 1504 xvrsuprcz

1070 1514 1170 1533 terram
1190 1504 1419 1543 affiicifizcenzes.
1437 1504 1513 1534 Plin.
1531 1504 1608 1534 ibid.

1111 1549 1135 1563 ¹¹
1159 1546 1235 1575 Suas
1255 1547 1408 1582 ouans]
1437 1545 1487 1575 Ob
1509 1552 1662 1574 mutatum
1690 1543 1742 1574 lo-

1070 1593 1162 1620 cum,
1188 1592 1311 1615 mutatae
1327 1594 1435 1614 eorum
1449 1584 1563 1613 umbrae
1585 1607 1593 1620 ‚
1618 1593 1684 1613 non
1706 1583 1741 1613 in

1070 1623 1208 1659 Austros,
1222 1624 1271 1654 sed
1282 1624 1313 1653 in
1324 1623 1565 1662 Septemtriones
1576 1623 1739 1653 cadebant.

1070 1663 1158 1693 Unde
1179 1663 1294 1693 Plinius
1310 1687 1318 1699 ‚
1342 1662 1418 1692 ibid.
1442 1662 1568 1691 Maxime
1586 1663 1682 1690 mirum
1704 1661 1742 1689 iis

1071 1712 1130 1730 erat
1144 1725 1153 1738 ,
1173 1702 1359 1739 umbrasfiras
1380 1703 1409 1731 in
1434 1702 1549 1742 nostrum
1570 1700 1667 1729 coelum
1687 1710 1740 1729 ca-

1071 1740 1132 1770 dere
1147 1765 1155 1778 ‚
1173 1752 1226 1770 non
1240 1742 1365 1780 instrum.

1113 1784 1138 1799 ¹²
1166 1781 1457 1818 Pitffismomum]
1489 1779 1590 1818 Vulgo
1607 1778 1742 1809 creditur

1072 1821 1179 1850 urbem
1191 1821 1276 1851 illam
1290 1820 1388 1855 fuiffe,
1397 1830 1462 1859 quae
1473 1829 1553 1849 nunc
1564 1818 1679 1848 dicitur
1688 1817 1743 1846 Ja-

362 1856 535 1892 probanes.
552 1856 633 1888 forte
649 1858 703 1889 ubi
723 1869 806 1889 nunc
827 1866 933 1896 portus
948 1882 957 1895 ‚
980 1858 1034 1898 qui
1064 1859 1252 1896 fanapczrnam
1265 1883 1274 1895 ,
1300 1859 1536 1890 celeberrimum
1551 1859 1742 1888 Batavorum

363 1894 477 1924 dicitur
490 1894 624 1926 Coltrnlzn

403 1935 415 1952 ⁶
438 1936 602 1970 ALLOQUIO
624 1939 637 1974 ]
672 1936 890 1976 indigenarum
915 1936 1033 1968 sermo-

363 1983 436 2002 nem
459 1974 592 2004 edoctus.

403 2018 415 2037 7
438 2014 625 2051 Csrsantm]
649 2014 825 2045 Claudium.

400 2050 412 2069 ⁸
436 2053 460 2080 A
488 2064 632 2083 fruamus
662 2055 674 2090 ]
709 2055 757 2084 Ab
793 2053 1035 2091 Imperator-ibus

364 2091 498 2128 Augusto
519 2115 527 2125 ,
557 2092 687 2123 Tiberio
703 2117 712 2130 ‚
735 2093 814 2124 Caio
837 2093 979 2132 Caligula
1002 2094 1035 2124 8<

366 2129 501 2161 Claudio
517 2131 622 2163 factos.

405 2174 417 2192 9
441 2170 588 2201 erros
613 2173 627 2208 ]
671 2172 747 2202 Inde
773 2182 900 2212 quoque
943 2171 1036 2211 legati

366 2207 469 2246 postea
484 2209 559 2239 miffi
575 2210 642 2240 sunt
654 2211 692 2241 ad
701 2211 858 2242 julianum
870 2213 1038 2250 Imperato-

367 2257 432 2276 rem
453 2271 462 2283 ,
487 2257 519 2277 ut
540 2249 645 2279 videre
669 2251 709 2279 est
733 2252 813 2289 apud
836 2250 1037 2280 Ammianum

366 2286 581 2317 Marcellinum
596 2311 604 2323 ‚
629 2291 737 2325 XXII,
752 2302 781 2326 4.

407 2330 435 2344 ¹0
467 2327 627 2356 Nostrum
667 2339 778 2358 cii-:rum
801 2333 810 2362 ]
845 2329 1038 2359 Mirabantur

366 2365 634 2404 Septemtrionalis
648 2367 742 2406 plaga&
752 2367 866 2406 sidera,
884 2379 950 2408 quae
970 2378 1037 2398 non

1073 1900 1257 1937 emporium.
1267 1898 1516 1933 Palliautemsel
1528 1897 1605 1926 Pais&
1615 1921 1623 1931 ‚
1636 1896 1743 1940 lingua

1072 1938 1178 1968 Indica
1195 1939 1343 1978 fignificat
1364 1938 1529 1976 oppidum,
1548 1945 1600 1967 aut
1616 1937 1742 1966 habita-

1073 1978 1204 2008 tionem.
1226 1977 1476 2008 Palaefimundum
1501 1977 1541 2006 est
1555 1986 1626 2014 ergo
1650 1974 1742 2014 oppi-

1074 2018 1147 2047 dum
1169 2017 1309 2047 Simundi
1333 2028 1342 2054 ;
1382 2018 1416 2047 ὃ(
1444 2016 1516 2046 inde
1544 2024 1610 2046 tota
1643 2015 1741 2044 insula

1074 2057 1242 2087 Ptolemaeo
1265 2058 1338 2087 Vll
1356 2080 1365 2093 ,
1394 2068 1424 2093 4.
1448 2055 1563 2085 dicitur
1587 2053 1740 2085 habitatio

1074 2096 1214 2126 Sir-nundi
1224 2120 1232 2133 ‚
1246 2097 1329 2133 πάλη
1353 2102 1566 2125 ΣιΜοΥΝΔοΥ.

1114 2141 1138 2162 ¹3
1164 2148 1199 2166 cc
1223 2147 1306 2166 Mur..
1322 2136 1449 2171 Ptenis]
1480 2133 1675 2171 Agriculturae
1686 2131 1741 2161 stu-

1075 2175 1128 2205 dio
1144 2199 1152 2211 ,
1175 2185 1266 2213 parco
1286 2175 1367 2205 vic-“tu
1380 2198 1388 2211 ‚
1408 2171 1573 2204 humilibus
1586 2171 1740 2214 aedificiis,

1076 2214 1183 2253 populi
1210 2213 1384 2254 frequentia
1400 2237 1407 2247 ,
1441 2213 1603 2251 plurimum
1627 2218 1740 2240 veteris

1076 2253 1283 2293 hodiernique
1298 2252 1468 2283 Sinenfium
1487 2252 1560 2281 ritus
1584 2250 1743 2292 habebant

1075 2293 1303 2329 Taprobanitae.
1326 2294 1359 2321 In
1379 2301 1485 2322 eorum
1505 2299 1630 2328 quoque
1647 2289 1744 2326 scrip-

1076 2332 1141 2361 tura
1159 2332 1258 2361 versus
1274 2341 1338 2361 non
1352 2331 1383 2359 in
1393 2329 1593 2360 transversum
1606 2327 1722 2358 extenfi
1732 2350 1743 2364 ‚

1076 2379 1108 2401 ut
1122 2372 1202 2409 apud
1213 2381 1290 2408 nos,
1313 2370 1380 2405 sed,
1404 2378 1438 2400 ut
1451 2369 1530 2408 apud
1544 2367 1682 2399 §menses
1694 2389 1703 2404 ‚
1726 2377 1744 2401 a

1767 790 1819 818 10

1770 1103 1817 1143 15
