1952 2708
589 162 1145 208 AGRICOLA.

1505 185 1562 223 71

243 247 328 289 III.
363 247 517 287 NUNC
545 243 708 285 demum
733 241 837 283 redit
871 243 1049 284 animus:
1079 249 1119 285 ὅ(
1141 260 1406 303 quamquam,
1433 251 1566 308 primo

180 313 309 355 statim
337 308 543 351 beatiffimi
570 306 702 349 saeculi
720 312 730 329 ¹
756 319 874 357 ortu,

895 308 1035 349 Nerva
1056 307 1184 348 Cacsar
1208 313 1221 329 ²
1238 325 1298 351 res
1327 313 1425 354 olim
1448 315 1568 357 diffo-

183 374 347 418 ciabiles
371 373 595 423 miscuerit,
611 373 880 430 principatum
894 387 940 412 ac
956 370 1184 414 libertatem
1196 403 1207 423 ‚
1225 388 1447 429 augeatque
1469 394 1568 431 quo-

182 439 282 480 tidie
301 436 538 479 felicitatem
558 437 715 493 imperii
733 441 742 464 ³
763 437 904 477 Nerva
923 434 1168 489 Trajanus4,
1194 451 1270 477 nec
1303 438 1413 494 spem
1441 443 1565 482 modo

130 508 154 549 5
184 519 231 544 ac
249 516 391 543 votum
413 501 600 543 securitas
624 498 832 557 publica5,
858 499 926 540 sed
942 500 1060 556 ipsius
1082 502 1170 541 voti
1189 500 1377 542 fiduciam
1392 532 1404 552 ,
1434 519 1481 544 ac
1500 519 1569 545 ro-

182 566 256 608 bur
281 566 562 622 adsumpserit:
582 561 720 606 natura
738 578 874 606 tamen
895 565 1136 606 infirmitatis
1157 566 1338 606 humanoe
1354 594 1367 615 ,
1394 567 1570 610 tardiora

181 630 274 670 sunt
291 630 485 680 remedia,
504 628 621 684 quam
639 627 762 676 mala3
784 633 825 669 ὃ(
841 642 884 669 ut
905 644 1075 686 corpora
1091 627 1200 670 lente
1217 629 1439 683 augescunt
1456 659 1466 680 ‚
1485 633 1568 673 cito

181 695 508 749 exstinguuntur,
525 693 576 736 sic
594 695 756 749 ingenia
778 692 980 747 studiaque
999 693 1233 750 oppresseris
1253 691 1433 744 facilius,
1451 693 1571 747 quam

182 759 450 798 revocaveris.
470 757 588 799 Subit
604 759 752 814 quippe
776 758 896 799 etiam
916 757 1032 814 ipsuis
1049 758 1198 798 inertiae
1221 755 1396 798 dulcedo
1415 770 1423 793 Ξ
1441 761 1481 797 ὅ(
1512 758 1574 798 in-

105 833 156 863 10
184 822 267 862 visa
287 823 417 878 primo
445 822 590 863 desidia
605 852 618 872 ,
643 823 842 878 postremo
864 835 1030 863 amatur.
1051 821 1164 876 Quid
1182 821 1208 860 si
1221 851 1232 871 ,
1254 835 1324 877 per
1339 820 1574 875 quindecim

181 899 308 926 annos
325 884 355 935 ⁶,
371 887 521 940 grande
545 885 724 927 mortalis
748 887 819 926 aevi
840 885 1010 942 spatium
1025 915 1038 936 ,
1063 883 1182 925 multi
1205 884 1379 926 fortuitis
1397 884 1546 926 casibus
1560 914 1574 936 ,

183 949 492 1006 promptissimus
513 950 678 1005 quisque
699 946 846 990 saevitia
866 950 1062 1006 Principis
1089 948 1407 990 interciderunt?
1423 950 1574 999 Pauci,

182 1017 225 1054 ὃς
238 1043 251 1063 ,
265 1027 309 1054 ut
332 1015 386 1053 ita
406 1014 598 1065 dixerim,
619 1029 701 1055 non
723 1014 848 1055 modo
865 1013 1037 1055 aliorum
1051 1042 1063 1063 ,
1079 1012 1146 1053 sed
1163 1013 1285 1054 etiam
1304 1013 1425 1053 nostri
1440 1013 1575 1068 super-

183 1077 289 1117 stites
311 1077 444 1118 sumus
461 1093 472 1124 3
490 1079 687 1134 exemptis
712 1093 733 1119 e
757 1076 889 1119 media
910 1077 992 1119 vita
1011 1090 1074 1118 tot
1087 1078 1221 1128 annis,
1243 1076 1386 1131 quibus
1409 1075 1575 1128 juvenes

105 1155 154 1196 15
184 1140 233 1181 ad
251 1141 491 1182 senectutem
509 1172 521 1192 ,
540 1142 650 1183 senes
671 1143 797 1198 prope
812 1141 862 1181 ad
877 1142 983 1198 ipsos
1001 1142 1142 1182 exaerae
1156 1141 1279 1181 aetatis
1294 1141 1487 1181 terminos
1507 1154 1578 1196 per

184 1202 383 1244 silentium
404 1207 609 1246 venimus:
634 1221 715 1246 non
742 1220 877 1246 tamen
898 1204 1052 1260 pigebit
1067 1234 1080 1255 ,
1101 1202 1167 1245 vel
1192 1202 1402 1245 incondita
1423 1219 1469 1244 ae
1488 1203 1580 1244 rudi

183 1282 289 1309 voce
307 1298 319 1318 ,
350 1271 586 1309 memoriam
614 1269 757 1324 prioris
780 1268 1008 1318 servitutis,
1036 1282 1083 1308 ac
1105 1268 1378 1308 testimonium
1407 1266 1576 1323 praesen-

182 1333 285 1372 tium
315 1331 516 1372 bonorum
542 1331 810 1388 composuiffe
836 1337 864 1372 ⁷.
886 1333 970 1373 Hic
991 1332 1152 1373 interim
1172 1329 1274 1371 liber
1294 1331 1441 1371 honori
1455 1330 1578 1384 Agri-

183 1393 305 1444 colae,
321 1394 449 1436 soceri
467 1396 545 1435 mei
561 1425 573 1445 ,
594 1396 808 1438 destinatus
823 1425 837 1449 ,
857 1395 1097 1452 professione
1119 1395 1278 1452 pietatis
1299 1407 1367 1436 aut
1395 1391 1580 1436 laudatus

185 1458 261 1500 erit
275 1488 289 1510 ,
311 1471 379 1498 aut
405 1457 631 1500 excusatus.

228 1600 238 1615 ¹
261 1596 448 1627 Bzmssun
480 1597 624 1633 sarcum]
659 1596 865 1627 Beatiffimum

185 1634 314 1674 quidem
350 1646 495 1667 exortum
522 1637 561 1667 est
588 1636 730 1667 saeculum
754 1660 762 1673 ‚
795 1639 866 1667 cum

186 1675 445 1718 post-Domitiani
466 1685 607 1715 tempora
620 1698 627 1710 ,
652 1676 776 1716 ejusque
793 1676 866 1707 affis

186 1715 309 1758 rescistis
323 1739 331 1751 ,
350 1726 435 1746 anno
448 1717 537 1747 Urbis
555 1715 689 1747 conditae
704 1728 865 1747 Dcccxmx

187 1763 338 1793 imperare
368 1755 462 1794 coepit
486 1757 590 1786 Nerva
604 1780 613 1793 ‚
634 1756 719 1793 cujus
739 1756 867 1787 virtutes

188 1793 338 1838 Trajanus
355 1819 364 1832 ‚
388 1796 562 1827 Hadrianus
575 1820 584 1834 ,
606 1796 640 1828 &
655 1803 785 1835 uterque
801 1798 867 1826 An-

188 1840 318 1864 toninus
331 1835 465 1865 aemulati
480 1836 557 1867 sunt.

231 1876 242 1889 ²
267 1875 386 1906 NERVA
414 1876 553 1913 Cffisfm]
578 1877 659 1906 Cum
673 1877 868 1907 Nervamor-

187 1919 258 1942 tuus
279 1912 314 1943 fit
333 1923 417 1944 anno
440 1917 474 1945 U.
490 1918 526 1946 C.
541 1927 651 1946 necem
668 1940 676 1953 ‚
690 1926 746 1946 nec
764 1927 867 1948 mvvs

188 1951 240 1981 hic
254 1953 427 1996 appelletur
440 1978 448 1991 ‚
468 1964 552 1994 patet
572 1955 669 1986 vitam
688 1955 838 1995 Agricolae
851 1966 868 1986 a

189 1991 305 2022 Tacrto
339 1992 483 2036 scriptam
520 1995 606 2025 fuiffe
637 2005 721 2025 anno
764 1997 799 2026 U.
831 1996 867 2025 C.

188 2039 292 2075 Decet„
317 2042 325 2061 z
346 2034 443 2063 1mm6
473 2034 526 2064 sub
553 2034 627 2065 anni
660 2035 782 2065 finem:
807 2035 868 2073 jam

190 2080 278 2114 enirn
290 2071 455 2115 adoptatus
475 2073 573 2104 fuerat
591 2075 760 2111 Trajanus3
782 2075 869 2113 quod

189 2118 328 2149 contigit
339 2134 348 2146 ‚
371 2120 505 2142 exeunte
519 2113 650 2142 Ocrobri
665 2136 673 2148 ,
685 2121 737 2142 aut
753 2113 869 2144 ineun-

189 2156 224 2180 te
243 2146 430 2180 Novembri.
464 2152 544 2182 Vide
566 2151 705 2182 Dionem
724 2153 868 2184 LXVIII.

190 2198 352 2233 pag4770
371 2212 380 2226 ,
410 2191 456 2234 &.
471 2192 511 2222 ad
526 2192 608 2222 hunc
632 2192 738 2222 locum
759 2200 870 2224 notam

189 2229 307 2260 eruditi
322 2229 468 2260 Reimari.

232 2274 242 2294 3
268 2269 489 2300 Ffflcmwffl
515 2273 666 2308 IMPERII]
690 2270 771 2301 Vide
795 2271 869 2301 No-

192 2314 239 2338 tas
251 2308 284 2338 &
294 2309 535 2340 Emendationes
548 2311 587 2340 ad
600 2321 665 2349 cap.
684 2321 710 2348 3.

233 2351 248 2370 4
270 2348 391 2379 NERVA
414 2350 579 2381 TRAJANUS
600 2352 613 2388 ]
638 2352 685 2380 Ita
700 2349 870 2389 appellatus

905 1594 1005 1635 Regio
1031 1619 1040 1632 ‚
1080 1594 1224 1625 NERVA
1261 1594 1433 1625 TRAIAN.
1471 1593 1582 1624 CAES.

906 1635 1031 1666 GERM.
1049 1636 1144 1665 NER.
1158 1635 1254 1665 AVG.
1269 1635 1304 1664 F.
1315 1635 1344 1664 P.
1359 1635 1426 1664 TR.
1445 1634 1474 1663 P.
1490 1635 1581 1664 COS.

906 1677 944 1706 11.
968 1675 1003 1705 ld
1016 1675 1055 1706 est
1065 1699 1074 1712 ‚
1096 1674 1193 1704 Nerva
1205 1673 1347 1711 Trajanus
1358 1696 1367 1708 ,
1392 1672 1496 1711 Caesar,
1508 1672 1582 1702 Ger-

905 1715 1031 1744 manicus
1046 1738 1055 1752 ,
1069 1714 1173 1744 Nerva!
1189 1713 1303 1753 Augusti
1317 1713 1398 1751 filius
1410 1735 1419 1747 ,
1432 1712 1556 1749 pontifex
1571 1733 1582 1748 ,

906 1755 1062 1784 tribuniciae
1086 1754 1245 1792 potestatis,
1270 1753 1359 1791 colifizl
1380 1753 1498 1787 iterum,
1527 1761 1583 1781 ca-

907 1804 960 1834 put
973 1794 1102 1826 Traiani
1116 1794 1297 1824 laureatum.
1309 1794 1354 1823 Ex
1363 1791 1583 1830 adversiaparte

908 1835 1103 1865 ADOPTIO.

948 1880 956 1901 5
981 1876 1157 1905 Secum-ms
1181 1873 1335 1910 Purxucsx]
1359 1869 1583 1902 SECVRITAS

907 1915 1083 1946 PVBLICA
1097 1937 1106 1950 ,
1128 1923 1194 1952 quae
1215 1913 1248 1943 ὃ(
1269 1923 1323 1943 ore
1346 1911 1511 1942 bominum
1534 1908 1585 1953 se-

907 1955 1045 1989 rebatur,
1057 1953 1091 1984 &
1105 1952 1238 1982 nummis
1251 1951 1492 1984 inscribebatur,
1506 1949 1584 1979 olim

907 1994 990 2033 spem
1017 1995 1138 2024 tantum
1163 2003 1197 2022 ac
1225 2000 1334 2022 votum
1363 1989 1557 2029 exprimebat
1574 2010 1586 2024 ,

908 2044 991 2064 nunc
1004 2034 1079 2064 vero
1088 2031 1194 2062 Nerva
1203 2031 1354 2069 Principe,
1366 2030 1584 2072 adoptatoque

907 2074 1045 2110 Trajano
1059 2095 1068 2109 ,
1085 2072 1180 2102 habet
1198 2070 1287 2110 ipsius
1301 2069 1368 2101 voti
1386 2069 1533 2099 fiduciam
1546 2076 1583 2098 ae

908 2113 1015 2143 robur.

948 2153 960 2170 ⁶
982 2153 1043 2182 PER
1061 2160 1237 2186 QU1NDEC1M
1254 2152 1369 2183 ANNOS]
1394 2147 1516 2185 Quibus
1525 2146 1584 2176 im-

908 2191 1030 2230 peravit
1048 2189 1258 2220 Domitianus.
1442 2226 1448 2231 ·

947 2237 959 2257 7
982 2232 1194 2262 Composmsse
1214 2233 1225 2263 ]
1262 2229 1353 2258 Tunc
1398 2235 1484 2257 emm
1516 2233 1584 2268 non

910 2271 1008 2301 modo
1042 2269 1244 2299 Historiarum
1284 2266 1516 2308 Annaliumqaue
1543 2264 1585 2293 11-

910 2310 982 2340 bros
993 2333 1000 2345 ‚
1014 2308 1199 2339 memoriam
1217 2306 1326 2346 prioris
1344 2307 1497 2337 servitutis
1509 2302 1586 2346 ‚Dscd

910 2349 945 2380 ὅ(
960 2351 1072 2379 Nervae
1084 2347 1275 2386 Trajanique
1297 2357 1342 2377 res
1354 2371 1362 2381 ‚
1373 2346 1585 2376 testimonium

193 2385 237 2416 est
261 2386 413 2424 Trajanus
430 2412 439 2425 ,
479 2391 551 2419 cum
585 2399 602 2419 a
631 2390 737 2420 Nerva
769 2388 871 2419 fuiffet
912 2388 1104 2427 praesentium
1117 2388 1296 2426 bonorum,
1312 2386 1441 2419 scribere
1450 2381 1586 2415 medita-

194 2426 374 2466 adoptatus.
396 2429 433 2458 In
449 2437 579 2461 nummo
596 2439 690 2462 aureo
706 2440 722 2460 e
733 2428 871 2460 Cimclio
912 2430 1002 2461 batur
1018 2427 1158 2463 Tacitus.
