1952 2708
89 781 141 808 10

91 1091 139 1132 15

85 1411 143 1438 20

405 123 614 165 LIBRI
655 124 846 164 ΝΟΝΙ
893 122 1308 168 ANNALIUM.
1465 138 1552 177 357

165 203 335 246 bellibus
355 202 577 259 pefitoribus
596 203 701 242 haud
726 202 926 253 invalida,
952 203 1124 256 abjectos
1149 209 1302 249 animos
1334 204 1553 248 sustulisset.

166 268 330 322 Legatis
356 282 377 302 «
406 266 446 306 vi
472 265 511 305 se
538 269 577 305 &
606 265 833 306 necestitate
861 268 988 306 teneri
1016 284 1037 303 »
1069 269 1287 323 respondit.

230 330 308 369 XI.
343 330 592 379 AGR1PPA,
609 327 692 379 ejus
715 328 985 370 imbecillitati
999 330 1130 370 adhuc
1146 331 1321 382 diffisus,
1345 346 1445 373 artes
1468 334 1553 374 suas

167 393 222 432 ita
251 390 494 441 occulebat,
523 405 594 441 ut,
623 391 717 432 dum
750 392 1017 434 dominationi
1047 392 1151 433 clam
1182 393 1465 445 adlaborabat,
1494 397 1554 436 se-

168 456 277 495 natui
302 454 435 495 favere
462 454 701 496 crederetur.
734 454 797 495 Ab
828 470 877 495 eo
911 457 1063 497 accitus
1093 470 1137 496 ut
1164 457 1213 497 de
1244 472 1374 497 rerum
1403 457 1556 499 summa

170 516 423 568 consuleret,
455 519 606 558 curiam
630 519 752 558 venit.
783 535 803 555 z<
831 519 944 573 Quid
968 521 1096 560 aetum
1122 519 1171 559 de
1200 518 1376 560 Claudio
1408 526 1417 542 ¹
1447 538 1468 558 ))
1494 523 1559 562 in-

170 595 347 636 terrogat
372 598 379 620 :
409 581 512 635 quafi
538 583 696 636 ignarus
721 581 762 622 id
782 581 943 623 edoStus
960 613 972 633 ,
1003 600 1023 619 «
1046 581 1085 622 se
1112 597 1184 637 pro
1205 583 1342 623 senatu
1369 598 1415 623 ac
1439 582 1558 624 liber-

169 657 284 684 »tate
309 646 411 684 mori
434 656 612 699 paratum
634 661 655 680 »
685 645 894 699 profitetur
922 663 930 685 ε
958 664 979 682 α
1005 658 1043 686 at
1067 660 1150 685 rem
1171 644 1451 686 difficillimam
1475 648 1560 700 agi:

169 705 395 747 »militibus
425 711 465 747 ὅ(
492 706 663 762 Ρεειιηὶἃ
695 722 794 763 opus
823 708 898 748 effe
915 727 956 749 ».
980 710 1193 749 Senatores
1216 726 1236 745 (ε
1254 722 1466 762 utrumque
1489 709 1560 748 fibi

169 771 411 826 »suppetere
442 787 464 807 2>
507 770 752 811 adseverant.
785 772 934 812 Monet
964 772 1143 827 Agrippa
1172 789 1194 808 «
1224 772 1311 827 ipsis
1338 772 1442 812 forte
1470 773 1560 825 qui-

168 833 292 874 »dem
324 831 499 883 multos,
530 833 596 873 sed
632 849 761 874 novos
797 838 836 875 δε
868 835 1086 890 disciplina·
1126 835 1242 875 rudes
1272 835 1347 875 effe
1376 834 1522 875 milites
1549 851 1557 874 ε

169 910 411 937 »veteranos
444 898 541 944 vero
575 899 615 936 &
645 895 845 937 bellorum
872 899 1020 953 peritos
1058 895 1232 937 Claudio
1263 897 1390 937 adesse
1418 914 1426 937 :
1456 895 1559 938 nihil

168 974 350 1001 »temere
380 959 615 1000 tentandum
645 976 652 998 :
679 959 705 998 fi
742 958 869 1000 velint
891 990 903 1011 ,
945 961 984 1001 se
1013 959 1229 1001 Claudium
1260 960 1489 1012 aditurum,
1518 963 1561 1000 ὅζ

170 1022 499 1064 »abdicationem
530 1022 803 1078 persuasurum
833 1041 875 1062 2).

232 1085 341 1126 XII.
375 1086 449 1125 AD
478 1084 694 1126 Claudium
715 1087 893 1127 reversus
909 1116 920 1136 ,
945 1101 1036 1127 eum
1059 1086 1212 1128 senatus
1233 1087 1532 1128 flu‘eluationem
1548 1114 1562 1136 ‚

171 1148 348 1189 militum
372 1162 674 1202 ceterarumque
695 1164 848 1199 rerum,
871 1149 1012 1203 quibus
1034 1150 1257 1205 respublica
1279 1152 1444 1200 nititur,
1471 1152 1563 1190 ino—

171 1213 277 1268 piam
294 1212 414 1252 docet
429 1242 441 1261 ‚
463 1216 502 1252 ὃ(
532 1212 579 1252 ad
602 1212 732 1252 sensus
760 1214 982 1266 regnatrice
1008 1213 1130 1254 domo
1151 1214 1294 1268 dignos
1322 1211 1562 1253 exstimulat.

173 1273 366 1315 Claudius
394 1276 450 1315 rei
479 1273 672 1315 facilitate
703 1272 848 1328 suaque
877 1275 1051 1316 utilitate
1078 1278 1230 1326 vietus,
1260 1277 1365 1316 haud
1397 1275 1563 1316 absurde

172 1337 385 1393 respondet
399 1337 541 1391 legatis
559 1341 573 1357 ²
588 1366 600 1387 ,
632 1354 653 1374 «
676 1338 716 1378 se
737 1353 819 1378 non
845 1339 978 1378 mirari
1004 1339 1182 1379 senatum
1199 1338 1395 1394 prioribus
1410 1339 1564 1379 Princi-

171 1400 319 1457 »pibus
348 1400 582 1441 succensere
603 1418 610 1440 ;
634 1415 672 1441 at
698 1400 799 1440 nihil
825 1402 970 1442 veteris
994 1400 1145 1453 injuriae
1161 1432 1172 1452 ‚
1202 1402 1240 1441 se
1266 1402 1480 1457 Principe,
1509 1415 1565 1441 re-

172 1464 432 1504 »mansurum
463 1481 470 1503 :
498 1477 637 1513 aetate,
670 1463 857 1514 fortuna,
887 1464 1081 1520 exemplis
1100 1495 1111 1515 ‚
1142 1462 1287 1518 furique
1315 1462 1454 1504 naturd
1488 1478 1567 1503 me-

172 1525 306 1567 »liora
335 1527 520 1568 edoeffum
546 1544 553 1566 ε
580 1525 647 1566 fibi
669 1527 829 1581 quidem
854 1529 1066 1582 imperium
1082 1557 1094 1577 ,
1121 1541 1159 1568 at
1185 1542 1444 1568 communem
1472 1541 1566 1567 cum

171 1590 294 1645 »ipsis
317 1589 402 1630 fore
427 1591 689 1646 potestatem3
718 1605 793 1631 nec
816 1590 1123 1631 formidolosum
1148 1590 1223 1630 esse
1246 1590 1417 1640 debere,
1447 1604 1566 1643 quem

172 1653 361 1693 »suarum
389 1654 557 1709 partium
594 1653 745 1706 suaeque
784 1653 988 1708 dignitatis
1028 1653 1184 1694 socium
1217 1658 1226 1681 ³
1261 1652 1485 1693 habuerunt
1523 1669 1567 1693 2).

174 1715 227 1756 Iis
256 1715 399 1757 deinde
438 1716 623 1767 dimissis,
652 1715 798 1757 milites
831 1715 1072 1770 adloquitur.
1101 1716 1206 1757 Cum
1232 1717 1273 1756 in
1303 1714 1387 1767 ejus
1416 1729 1565 1756 nomen

174 1777 388 1830 jurassent,
424 1779 584 1833 singulis
625 1780 847 1833 quinadena
889 1781 1061 1820 sestertia
1092 1785 1110 1809 4
1144 1780 1343 1835 promittit
1371 1793 1383 1825 3
1418 1779 1569 1834 primus

176 1841 372 1882 Caesarum
402 1846 414 1873 5
445 1843 567 1883 fidem
594 1842 732 1883 militis
764 1845 925 1899 praemio
955 1845 1198 1899 pigneratus.

216 1939 225 1953 ¹
250 1936 336 1971 Qun)
361 1945 466 1965 acrum
500 1946 539 1964 DE
561 1936 708 1966 Cmumo
734 1939 744 1969 ]
777 1936 849 1965 Haec
889 1935 1038 1974 praemiis,
1056 1934 1255 1966 fuitGallicae
1272 1933 1568 1965 monctoelibrarum

175 1975 210 2005 &
229 1973 387 2011 sequentia
406 1973 574 2011 Josepffirs,
595 1973 670 2004 ibid.
890 1978 1090 2013 26‚264‚373.
1121 1974 1290 2013 Josephus,
1323 1975 1384 2003 loc.
1405 1974 1456 2003 cit.
1480 1983 1566 2004 num.

217 2016 227 2028 ²
262 2014 448 2042 Rrspormm
473 2023 599 2042 LEGATIS
625 2014 640 2050 ]
674 2013 820 2051 Josephus
839 2037 848 2051 ‚
890 2025 917 2044 2.
935 2015 978 2044 ait
1001 2015 1071 2044 data
1097 2014 1193 2052 quina
1213 2013 1426 2044 drachmarum
1451 2012 1568 2049 millia,

177 2051 254 2083 ibid.
273 2053 306 2081 ὅς
329 2052 366 2081 de
378 2051 465 2081 Bello
483 2052 551 2080 Jud.
571 2053 598 2080 Π
613 2075 621 2087 ,
645 2062 690 2080 11.
890 2054 940 2083 seu
970 2053 1062 2083 libras
1085 2052 1218 2082 Gallicas
1253 2055 1341 2090 3890.
1368 2052 1427 2081 Sed
1461 2052 1569 2089 potior

217 2096 227 2116 3
252 2091 438 2121 D10N1T.⁵.†ls
459 2091 602 2126 socium]
628 2092 757 2120 Senator
776 2101 850 2120 con·
889 2092 1033 2122 Suetonii
1062 2091 1094 2120 in
1123 2092 1236 2121 Claud.
1262 2093 1299 2121 X.
1323 2090 1496 2121 auctoritas.
1523 2091 1567 2121 Ni

178 2129 286 2168 sUquC
302 2129 399 2159 fuerat
418 2129 512 2160 ‘istius
532 2139 615 2159 anno
634 2131 668 2159 U·
682 2130 849 2165 CDCCXC’
890 2141 972 2172 forte
993 2140 1131 2171 volueris
1155 2141 1225 2170 data
1253 2140 1403 2170 militibus
1429 2152 1476 2171 xv
1493 2133 1542 2168 ἷξ
1557 2162 1568 2175 ,

178 2177 214 2198 ut
238 2169 353 2199 distum
381 2168 421 2198 est
448 2169 480 2198 in
497 2169 719 2206 Supplemento
740 2169 849 2197 Annal.

179 2208 234 2236 VII
275 2212 304 2237 6.
326 2207 404 2238 Vide
430 2209 463 2238 ὃ(
482 2207 667 2238 Suetonium
691 2207 722 2236 in
741 2207 849 2237 Claud.
867 2203 871 2221 ¹
890 2191 1020 2234 dl¹⁰ibu⁵
1034 2203 1076 2221 XX
1094 2192 1144 2220 π
1168 2191 1258 2233 Tque
1276 2188 1481 2232 .C0ns0ntie¹³t
1499 2197 1566 2231 9¹³¹*

180 2231 254 2276 an
268 2246 424 2282 Dionem,
449 2248 531 2276 LIX⁸
550 2256 617 2285 pag·
630 2250 700 2284 644·
891 2240 950 2259 nia.
978 2232 1073 2260 Porro
1097 2240 1127 2259 in
1143 2230 1233 2259 donis
1252 2227 1460 2258 diversitatem
1479 2225 1566 2256 fuisse

218 2288 232 2306 ⁴
254 2287 444 2321 Qum.:xDENA
480 2295 647 2316 SESTERTIA
673 2286 686 2321 ]
723 2285 850 2315 Gallicae
868 2292 872 2346 Ι
890 2269 1002 2299 fatetur
1017 2269 1176 2307 JOsephus'

180 2332 313 2353 monetae
335 2325 424 2354 libras
449 2335 536 2360 29¹7·
561 2324 674 2354 Totius
697 2334 770 2363 ergo
794 2325 853 2354 lar-
931 2329 939 2349 5
964 2325 1083 2353 Pamus
1121 2324 1310 2362 CAESARUM]
1347 2322 1419 2354 Haec
1435 2323 1563 2353 Sueten.

179 2361 308 2399 gitionis
321 2362 436 2394 summa
447 2387 456 2403 ,
474 2374 541 2395 non
555 2364 722 2396 numeratis
737 2364 851 2396 ducum
867 2350 872 2391 l
893 2362 925 2393 in
947 2363 1059 2394 Claud.
1085 2363 1122 2394 Χ.

1579 219 1694 235 a
1740 227 1743 231 ·

1579 260 1609 284 A.
1622 261 1650 283 U.
1663 260 1694 283 C.

1600 315 1673 343 794·

1606 364 1632 387 J·
1643 363 1674 386 C.

1618 417 1670 446 41·
